"credit","poverty","payment","bank","industry","manufacturing","fiscal","growth","money","cost","market","salary","services","rent","infrastructure","business","job","tax","economy","unemployment","loss","budget","workers","income","pension","revenue","pay","trade","cash","rate","brexit","inflation","gdp","deficit","oil","dollar","surplus","Member_ID","Date","Member_name","Gender","party","constituency","RegionName","WageMedianConst","WageMedianRegion","Minority_indicator"
0,0,0,0,0,0,0,0,0,0,0,1,0,0,0,0,0,0,0,0,0,0,0,0,0,0,0,0,0,0,0,0,0,0,0,0,0,4420,"2019-01","Gavin Newlands","M","Scottish National Party","Paisley and Renfrewshire North","Scotland",802,702,"0"
0,0,0,0,0,0,0,0,0,0,0,0,1,0,0,0,0,0,0,0,0,0,0,0,0,0,0,0,0,0,0,0,0,0,0,0,0,4398,"2019-01","Chris Green","M","Conservative","Bolton West","North West",662,649,"0"
0,0,0,0,0,0,0,0,0,0,0,0,1,0,0,0,0,0,0,0,0,0,0,0,0,0,0,0,0,0,0,0,0,0,0,0,0,320,"2019-02","Mr Adrian Bailey","M","Labour (Co-op)","West Bromwich West","West Midlands",614,652,"0"
0,0,0,0,0,0,0,0,0,0,0,0,1,0,0,0,0,0,0,0,0,0,0,0,0,0,0,0,0,0,0,0,0,0,0,0,0,4649,"2019-02","Thelma Walker","F","Labour","Colne Valley","Yorkshire and The Humber",641,632,"0"
0,0,0,0,0,0,0,0,0,0,0,0,1,0,0,0,0,0,0,0,0,0,0,0,0,0,0,0,0,0,0,0,0,0,0,0,0,4124,"2019-02","Chi Onwurah","F","Labour","Newcastle upon Tyne Central","North East",625,614,"1"
0,0,0,0,0,0,0,0,0,0,0,0,1,0,0,0,0,0,0,0,0,0,0,0,0,0,0,0,0,0,0,0,0,0,0,0,0,4519,"2019-02","James Cartlidge","M","Conservative","South Suffolk","East of England",637,706,"0"
0,0,0,0,0,0,0,0,0,0,0,0,1,0,0,0,0,0,0,0,0,0,0,0,0,0,0,0,0,0,0,0,0,0,0,0,0,4127,"2019-02","Julie Elliott","F","Labour","Sunderland Central","North East",580,614,"0"
0,0,0,0,0,0,0,1,0,0,0,0,0,0,0,0,0,0,0,0,0,0,0,0,0,0,0,0,0,0,0,0,0,0,0,0,0,4647,"2019-02","Julia Lopez","F","Conservative","Hornchurch and Upminster","London",828,796,"0"
0,0,0,0,0,0,0,0,0,0,0,0,0,1,0,0,0,0,0,0,0,0,0,0,0,0,0,0,0,0,0,0,0,0,0,0,0,4523,"2019-02","Catherine West","F","Labour","Hornsey and Wood Green","London",862,796,"0"
0,0,0,0,0,0,0,0,0,0,1,0,0,0,0,0,0,0,0,0,0,0,0,0,0,0,0,0,0,0,0,0,0,0,0,0,0,4446,"2019-02","Mr Marcus Fysh","M","Conservative","Yeovil","South West",628,664,"0"
0,0,0,0,0,0,0,0,0,0,0,0,0,0,1,0,0,0,0,0,0,0,0,0,0,0,0,0,0,0,0,0,0,0,0,0,0,4451,"2019-02","Kevin Foster","M","Conservative","Torbay","South West",580,664,"0"
0,0,0,0,0,0,0,0,1,0,0,0,0,0,0,0,0,0,0,0,0,0,0,0,0,0,0,0,0,0,0,0,0,0,0,0,0,4430,"2019-02","Alison Thewliss","F","Scottish National Party","Glasgow Central","Scotland",688,702,"0"
0,0,0,0,0,0,1,0,0,0,0,0,0,0,0,0,0,0,0,0,0,0,0,0,0,0,0,0,0,0,0,0,0,0,0,0,0,4593,"2019-02","Trudy Harrison","F","Conservative","Copeland","North West",774,649,"0"
0,0,0,0,0,0,0,0,0,0,0,0,0,0,0,1,1,0,0,0,0,0,0,0,0,0,0,0,0,0,0,0,0,0,0,0,0,4501,"2019-02","Gerald Jones","M","Labour","Merthyr Tydfil and Rhymney","Wales",607,636,"0"
0,0,0,0,0,0,0,0,0,0,0,0,0,0,1,0,0,0,0,0,0,0,0,0,0,0,0,0,0,0,0,0,0,0,0,0,0,4050,"2019-02","Gordon Henderson","M","Conservative","Sittingbourne and Sheppey","South East",685,724,"0"
0,0,0,0,0,1,0,0,0,0,0,0,0,0,0,0,0,0,0,0,0,0,0,0,0,0,0,0,0,0,0,0,0,0,0,0,0,1604,"2019-02","Mr Virendra Sharma","M","Labour","Ealing, Southall","London",685,796,"0"
0,0,0,0,0,0,1,0,0,0,0,0,0,0,0,0,0,0,0,0,0,0,0,0,0,0,0,0,0,0,0,0,0,0,0,0,0,4052,"2019-02","Mark Pawsey","M","Conservative","Rugby","West Midlands",689,652,"0"
0,0,0,0,0,0,0,0,0,0,0,0,0,0,1,0,0,0,0,0,0,0,0,0,0,0,0,0,0,0,0,0,0,0,0,0,0,3987,"2019-02","Rehman Chishti","M","Conservative","Gillingham and Rainham","South East",677,724,"1"
0,0,0,0,0,0,1,1,0,0,0,0,0,0,0,0,0,0,0,0,0,0,0,0,0,0,0,0,0,0,0,0,0,0,0,0,0,4503,"2019-02","Chris Philp","M","Conservative","Croydon South","London",886,796,"0"
0,0,0,0,0,0,1,0,0,0,0,0,0,0,0,0,0,0,0,0,0,0,0,0,0,0,0,0,0,0,0,0,0,0,0,0,0,4635,"2019-02","Eddie Hughes","M","Conservative","Walsall North","West Midlands",580,652,"0"
0,0,0,0,0,0,1,0,0,0,0,0,0,0,0,0,0,0,0,0,0,0,0,0,0,0,0,0,0,0,0,0,0,0,0,0,0,4079,"2019-02","Julian Sturdy","M","Conservative","York Outer","Yorkshire and The Humber",667,632,"0"
0,0,0,0,0,0,1,0,0,0,0,0,0,0,0,0,0,0,0,0,0,0,0,0,0,0,0,0,0,0,0,0,0,0,0,0,0,4674,"2019-02","Vicky Ford","F","Conservative","Chelmsford","East of England",683,706,"0"
0,0,0,0,0,0,0,0,0,0,0,0,0,0,0,0,0,1,0,0,0,0,0,0,0,0,0,0,0,0,0,0,0,0,0,0,0,4641,"2019-02","Alex Norris","M","Labour (Co-op)","Nottingham North","East Midlands",517,640,"0"
0,0,0,0,0,0,0,0,0,0,0,0,0,0,0,0,0,0,1,0,0,0,0,0,0,0,0,0,0,0,0,0,0,0,0,0,0,1491,"2019-02","Kerry McCarthy","F","Labour","Bristol East","South West",674,664,"0"
0,0,0,0,0,0,1,0,0,0,0,0,0,0,0,0,0,0,0,0,0,0,0,0,0,0,0,0,0,0,0,0,0,0,0,0,0,4414,"2019-02","Paul Scully","M","Conservative","Sutton and Cheam","London",807,796,"1"
0,0,0,0,0,0,0,0,0,0,0,0,0,0,0,0,0,0,0,1,0,0,0,0,0,0,0,0,0,0,0,0,0,0,0,0,0,4100,"2019-02","Mrs Sheryll Murray","F","Conservative","South East Cornwall","South West",642,664,"0"
0,0,0,0,0,0,1,0,0,0,0,0,0,0,0,0,0,0,0,0,0,0,0,0,0,0,0,0,0,0,0,0,0,0,0,0,0,4398,"2019-02","Chris Green","M","Conservative","Bolton West","North West",662,649,"0"
0,0,0,0,0,0,0,0,0,0,0,0,0,0,0,0,0,0,1,0,0,0,0,0,0,0,0,0,0,0,0,0,0,0,0,0,0,4408,"2019-02","Christian Matheson","M","Independent","City of Chester","North West",685,649,"0"
0,0,0,0,0,0,0,0,0,0,0,0,0,0,0,0,0,1,0,0,0,0,0,0,0,0,0,0,0,0,0,0,0,0,0,0,0,4653,"2019-02","Stephen Morgan","M","Labour","Portsmouth South","South East",636,724,"0"
0,0,0,0,0,0,0,0,0,0,0,0,0,0,0,0,0,0,0,0,1,0,0,0,0,0,0,0,0,0,0,0,0,0,0,0,0,4058,"2019-02","Paul Blomfield","M","Labour","Sheffield Central","Yorkshire and The Humber",643,632,"0"
0,0,0,0,0,0,1,0,0,0,0,0,0,0,0,0,0,0,0,0,0,0,0,0,0,0,0,0,0,0,0,0,0,0,0,0,0,4605,"2019-02","Bill Grant","M","Conservative","Ayr, Carrick and Cumnock","Scotland",694,702,"0"
0,0,0,0,0,0,0,0,0,0,0,0,0,0,0,1,0,0,0,0,0,0,0,0,0,0,0,0,0,0,0,0,0,0,0,0,0,4369,"2019-02","Tom Pursglove","M","Conservative","Corby","East Midlands",634,640,"0"
0,0,0,0,0,0,0,0,0,0,0,0,0,0,0,0,0,0,0,0,0,1,0,0,0,0,0,0,0,0,0,0,0,0,0,0,0,4466,"2019-02","Peter Grant","M","Scottish National Party","Glenrothes","Scotland",610,702,"0"
0,0,0,0,0,0,0,0,0,0,0,0,0,0,0,0,0,0,0,0,0,0,1,0,0,0,0,0,0,0,0,0,0,0,0,0,0,4623,"2019-03","Tonia Antoniazzi","F","Labour","Gower","Wales",664,636,"0"
0,0,0,0,0,0,0,0,0,0,0,0,0,0,0,0,0,0,0,0,0,0,1,0,0,0,0,0,0,0,0,0,0,0,0,0,0,207,"2019-03","Sir Vince Cable","M","Liberal Democrat","Twickenham","London",815,796,"0"
0,0,0,0,0,0,0,0,0,0,0,0,0,0,0,0,0,0,0,0,0,0,1,1,0,0,0,0,0,0,0,0,0,0,0,0,0,4602,"2019-03","Wera Hobhouse","F","Liberal Democrat","Bath","South West",735,664,"0"
0,0,0,0,0,0,0,0,0,0,0,0,0,0,0,0,0,0,0,0,0,0,1,0,0,0,0,0,0,0,0,0,0,0,0,0,0,4615,"2019-03","Lloyd Russell-Moyle","M","Labour (Co-op)","Brighton, Kemptown","South East",705,724,"0"
0,0,0,0,0,0,0,0,0,0,0,0,0,0,1,0,0,0,0,0,0,0,0,0,0,0,0,0,0,0,0,0,0,0,0,0,0,4408,"2019-03","Christian Matheson","M","Independent","City of Chester","North West",685,649,"0"
0,0,0,0,0,0,0,1,0,0,0,0,0,0,0,0,0,0,0,0,0,0,0,0,0,0,0,0,0,0,0,0,0,0,0,0,0,1447,"2019-03","Andrew Rosindell","M","Conservative","Romford","London",748,796,"0"
0,0,0,0,0,0,0,0,0,0,0,0,0,0,0,0,0,0,1,0,0,0,0,0,0,0,0,0,0,0,0,0,0,0,0,0,0,1548,"2019-03","Jessica Morden","F","Labour","Newport East","Wales",643,636,"0"
1,0,0,0,0,0,0,0,0,0,0,0,0,0,0,0,0,0,0,0,0,0,0,0,0,0,0,0,0,0,0,0,0,0,0,0,0,4501,"2019-03","Gerald Jones","M","Labour","Merthyr Tydfil and Rhymney","Wales",607,636,"0"
1,0,0,0,0,0,0,0,0,0,0,0,0,0,0,0,0,0,0,0,0,0,0,0,0,0,0,0,0,0,0,0,0,0,0,0,0,4662,"2019-03","Ruth George","F","Labour","High Peak","East Midlands",646,640,"0"
0,0,0,0,0,0,0,0,0,0,0,0,0,0,0,0,0,0,1,0,0,0,0,0,0,0,0,0,0,0,0,0,0,0,0,0,0,4615,"2019-03","Lloyd Russell-Moyle","M","Labour (Co-op)","Brighton, Kemptown","South East",705,724,"0"
1,0,0,0,0,0,0,0,0,0,0,0,0,0,0,0,0,0,0,0,0,0,0,0,0,0,0,0,0,0,0,0,0,0,0,0,0,4676,"2019-03","Marsha De Cordova","F","Labour","Battersea","London",909,796,"0"
0,0,0,0,0,0,0,0,0,0,0,0,0,0,0,0,0,0,1,0,0,0,0,0,0,0,0,0,0,0,0,0,0,0,0,0,0,4409,"2019-03","Naz Shah","F","Labour","Bradford West","Yorkshire and The Humber",556,632,"1"
0,0,0,0,0,0,0,0,0,0,0,0,0,0,0,0,0,0,0,0,0,0,0,0,1,0,0,0,0,0,0,0,0,0,0,0,0,4614,"2019-04","Hugh Gaffney","M","Labour","Coatbridge, Chryston and Bellshill","Scotland",765,702,"0"
0,0,0,0,0,0,0,0,0,0,0,0,0,0,1,0,0,0,0,0,0,0,0,0,0,0,0,0,0,0,0,0,0,0,0,0,0,4522,"2019-04","Rebecca Pow","F","Conservative","Taunton Deane","South West",640,664,"0"
0,0,0,0,0,0,0,0,0,0,0,0,0,0,0,0,0,0,0,0,0,0,0,1,0,1,0,0,0,0,0,0,0,0,0,0,0,4003,"2019-04","Teresa Pearce","F","Labour","Erith and Thamesmead","London",721,796,"0"
0,0,0,0,0,0,0,0,0,0,0,0,0,0,1,0,0,0,0,0,0,0,0,0,0,0,0,0,0,0,0,0,0,0,0,0,0,4509,"2019-04","Craig Tracey","M","Conservative","North Warwickshire","West Midlands",633,652,"0"
0,0,0,0,0,0,0,0,0,0,0,0,1,0,0,0,0,0,0,0,0,0,0,0,0,0,0,0,0,0,0,0,0,0,0,0,0,3973,"2019-05","Grahame Morris","M","Labour","Easington","North East",625,614,"0"
0,0,0,0,0,0,0,0,0,0,0,0,1,0,0,0,0,0,0,0,0,0,0,0,0,0,0,0,0,0,0,0,0,0,0,0,0,4382,"2019-05","Daniel Zeichner","M","Labour","Cambridge","East of England",779,706,"0"
0,0,0,0,0,0,0,0,0,0,0,0,1,0,0,0,0,0,0,0,0,0,0,0,0,0,0,0,0,0,0,0,0,0,0,0,0,4656,"2019-05","Layla Moran","F","Liberal Democrat","Oxford West and Abingdon","South East",710,724,"1"
0,0,0,0,0,0,0,0,0,0,0,0,1,0,0,0,0,0,0,0,0,0,0,0,0,0,0,0,0,0,0,0,0,0,0,0,0,4606,"2019-05","David Duguid","M","Conservative","Banff and Buchan","Scotland",660,702,"0"
0,0,0,0,0,0,0,0,0,0,0,0,0,0,0,0,0,0,0,0,0,0,0,0,0,0,1,0,0,0,0,0,0,0,0,0,0,4061,"2019-05","Bill Esterson","M","Labour","Sefton Central","North West",720,649,"0"
0,0,0,0,0,0,0,0,1,0,0,0,0,0,0,0,0,0,0,0,0,0,0,0,0,0,0,0,0,0,0,0,0,0,0,0,0,4093,"2019-05","Stephen McPartland","M","Conservative","Stevenage","East of England",671,706,"0"
0,0,0,0,0,0,0,0,0,0,0,0,1,0,0,0,0,0,0,0,0,0,0,0,0,0,0,0,0,0,0,0,0,0,0,0,0,4484,"2019-05","Alan Mak","M","Conservative","Havant","South East",674,724,"1"
0,0,0,0,0,0,0,0,0,0,0,0,0,0,0,0,0,0,0,0,0,1,0,0,0,0,0,0,0,0,0,0,0,0,0,0,0,1537,"2019-05","Mr Philip Hollobone","M","Conservative","Kettering","East Midlands",671,640,"0"
0,0,0,0,0,0,0,0,0,0,0,0,0,0,0,0,0,0,0,0,0,0,0,0,0,0,0,1,0,0,0,0,0,0,0,0,0,4417,"2019-05","Deidre Brock","F","Scottish National Party","Edinburgh North and Leith","Scotland",696,702,"0"
0,0,0,0,0,0,0,0,0,0,0,0,0,0,0,0,0,0,0,0,0,0,0,0,0,0,0,1,0,0,0,0,0,0,0,0,0,4488,"2019-05","Martyn Day","M","Scottish National Party","Linlithgow and East Falkirk","Scotland",704,702,"0"
0,0,0,0,0,0,0,0,0,0,0,0,0,0,0,0,0,0,0,0,0,0,0,0,0,0,0,1,0,0,0,0,0,0,0,0,0,44,"2019-05","Sir David Amess","M","Conservative","Southend West","East of England",738,706,"0"
1,0,0,0,0,0,0,0,0,0,0,0,0,0,0,0,0,0,0,0,0,0,0,0,0,0,0,0,0,0,0,0,0,0,0,0,0,4467,"2019-06","Drew Hendry","M","Scottish National Party","Inverness, Nairn, Badenoch and Strathspey","Scotland",708,702,"0"
0,1,0,0,0,0,0,0,0,0,0,0,0,0,0,0,0,0,0,0,0,0,0,0,0,0,0,0,0,0,0,0,0,0,0,0,0,4683,"2019-06","Emma Dent Coad","F","Labour","Kensington","London",931,796,"0"
1,0,0,0,0,0,0,0,0,0,0,0,0,0,0,0,0,0,0,0,0,0,0,0,0,0,0,0,0,0,0,0,0,0,0,0,0,1533,"2019-06","Dame Diana Johnson","F","Labour","Kingston upon Hull North","Yorkshire and The Humber",567,632,"0"
1,0,0,0,0,0,0,0,0,0,0,0,0,0,0,0,0,0,0,0,0,0,0,0,0,0,0,0,0,0,0,0,0,0,0,0,0,4681,"2019-06","Bob Seely","M","Conservative","Isle of Wight","South East",639,724,"0"
1,0,0,0,0,0,0,0,0,0,0,0,0,0,0,0,0,0,0,0,0,0,0,0,0,0,0,0,0,0,0,0,0,0,0,0,0,1554,"2019-06","Stephen Crabb","M","Conservative","Preseli Pembrokeshire","Wales",670,636,"0"
0,1,0,0,0,0,0,0,0,0,0,0,0,0,0,0,0,0,0,0,0,0,0,0,0,0,0,0,0,0,0,0,0,0,0,0,0,4419,"2019-06","Joanna Cherry","F","Scottish National Party","Edinburgh South West","Scotland",672,702,"0"
0,1,0,0,0,0,0,0,0,0,0,0,0,0,0,0,0,0,0,0,0,0,0,0,0,0,0,0,0,0,0,0,0,0,0,0,0,4394,"2019-06","Imran Hussain","M","Labour","Bradford East","Yorkshire and The Humber",554,632,"1"
0,0,0,0,0,0,0,0,0,0,0,0,0,0,0,0,0,0,0,0,0,0,0,0,1,0,0,0,0,0,0,0,0,0,0,0,0,4595,"2019-06","Gareth Snell","M","Labour (Co-op)","Stoke-on-Trent Central","West Midlands",595,652,"0"
1,0,0,0,0,0,0,0,0,0,0,0,0,0,0,0,0,0,0,0,0,0,0,0,0,0,0,0,0,0,0,0,0,0,0,0,0,4069,"2019-06","Peter Aldous","M","Conservative","Waveney","East of England",581,706,"0"
0,0,1,0,0,0,0,0,0,0,0,0,0,0,0,0,0,0,0,0,0,0,0,0,0,0,0,0,0,0,0,0,0,0,0,0,0,4612,"2019-06","Jamie Stone","M","Liberal Democrat","Caithness, Sutherland and Easter Ross","Scotland",740,702,"0"
1,0,0,0,0,0,0,0,0,0,0,0,0,0,0,0,0,0,0,0,0,0,0,0,0,0,0,0,0,0,0,0,0,0,0,0,0,4407,"2019-06","Nigel Huddleston","M","Conservative","Mid Worcestershire","West Midlands",633,652,"0"
1,0,0,0,0,0,0,0,0,0,0,0,0,0,0,0,0,0,0,0,0,0,0,0,0,0,0,0,0,0,0,0,0,0,0,0,0,3914,"2019-06","Shabana Mahmood","F","Labour","Birmingham, Ladywood","West Midlands",630,652,"1"
0,0,0,0,1,0,0,0,0,0,0,0,0,0,0,0,0,0,0,0,0,0,0,0,1,0,0,0,0,0,0,0,0,0,0,0,0,1387,"2019-06","Lord Mann","M","Non-affiliated","Life peer",NA,NA,NA,"0"
0,1,0,0,0,0,0,0,0,0,0,0,0,0,0,0,0,0,0,0,0,0,0,0,0,0,0,0,0,0,0,0,0,0,0,0,0,4488,"2019-06","Martyn Day","M","Scottish National Party","Linlithgow and East Falkirk","Scotland",704,702,"0"
0,0,0,0,0,0,0,0,0,0,0,0,0,0,0,0,0,0,0,0,0,0,0,0,1,0,0,0,0,0,0,0,0,0,0,0,0,4492,"2019-06","Maria Caulfield","F","Conservative","Lewes","South East",684,724,"0"
1,0,0,0,0,0,0,0,0,0,0,0,0,0,0,0,0,0,0,0,0,0,0,0,0,0,0,0,0,0,0,0,0,0,0,0,0,4056,"2019-06","Nic Dakin","M","Labour","Scunthorpe","Yorkshire and The Humber",609,632,"0"
1,0,0,0,0,0,0,0,0,0,0,0,0,0,0,0,0,0,0,0,0,0,0,0,0,0,0,0,0,0,0,0,0,0,0,0,0,4501,"2019-06","Gerald Jones","M","Labour","Merthyr Tydfil and Rhymney","Wales",607,636,"0"
0,1,0,0,0,0,0,0,0,0,0,0,0,0,0,0,0,0,0,0,0,0,0,0,0,0,0,0,0,0,0,0,0,0,0,0,0,4212,"2019-06","Debbie Abrahams","F","Labour","Oldham East and Saddleworth","North West",644,649,"0"
0,0,0,0,0,0,1,0,0,0,0,0,0,0,0,0,0,0,0,0,0,0,0,0,0,0,0,0,0,0,0,0,0,0,0,0,0,4031,"2019-06","Rachel Reeves","F","Labour","Leeds West","Yorkshire and The Humber",576,632,"0"
0,0,0,0,0,0,1,0,0,0,0,0,0,0,0,0,0,0,0,0,0,0,0,0,0,0,0,0,0,0,0,0,0,0,0,0,0,3998,"2019-06","Mark Menzies","M","Conservative","Fylde","North West",726,649,"0"
0,0,0,0,0,0,0,0,0,0,0,0,0,0,0,0,0,0,0,0,0,0,0,0,0,0,0,0,1,0,0,0,0,0,0,0,0,4675,"2019-06","Kirstene Hair","F","Conservative","Angus","Scotland",631,702,"0"
0,0,0,1,0,0,0,0,0,0,0,0,0,0,0,0,0,0,0,0,0,0,0,0,0,0,0,0,0,0,0,0,0,0,0,0,0,3952,"2019-06","Mr Toby Perkins","M","Labour","Chesterfield","East Midlands",622,640,"0"
0,0,0,0,0,0,1,0,0,0,0,0,0,0,0,0,0,0,0,0,0,0,0,0,0,0,0,0,0,0,0,0,0,0,0,0,0,4470,"2019-06","Alan Brown","M","Scottish National Party","Kilmarnock and Loudoun","Scotland",709,702,"0"
0,0,0,0,0,0,0,0,0,1,0,0,0,0,0,0,0,0,0,0,0,0,0,0,0,0,0,0,0,0,0,0,0,0,0,0,0,1533,"2019-06","Dame Diana Johnson","F","Labour","Kingston upon Hull North","Yorkshire and The Humber",567,632,"0"
0,0,0,0,0,0,1,1,0,0,0,0,0,0,0,0,0,0,0,0,0,0,0,0,0,0,0,0,0,0,0,0,0,0,0,0,0,4478,"2019-06","Royston Smith","M","Conservative","Southampton, Itchen","South East",645,724,"0"
0,0,0,0,0,0,1,0,0,0,0,0,0,0,0,0,0,0,1,0,0,0,0,0,0,0,0,0,0,0,0,0,0,0,0,0,0,4635,"2019-06","Eddie Hughes","M","Conservative","Walsall North","West Midlands",580,652,"0"
0,0,0,0,0,0,0,0,0,0,0,0,0,0,0,0,0,0,0,0,0,0,0,0,0,0,0,0,1,0,0,0,0,0,0,0,0,4069,"2019-06","Peter Aldous","M","Conservative","Waveney","East of England",581,706,"0"
1,0,0,0,0,0,0,0,0,0,0,0,0,0,0,0,0,0,0,0,0,0,0,0,0,0,0,0,0,0,0,0,0,0,0,0,0,4618,"2019-08","Liz Twist","F","Labour","Blaydon","North East",625,614,"0"
1,0,0,0,0,0,0,0,0,0,0,0,0,0,0,0,0,0,0,0,0,0,0,0,0,0,0,0,0,0,0,0,0,0,0,0,0,4716,"2019-08","Ruth Jones","F","Labour","Newport West","Wales",619,636,"0"
1,0,0,0,0,0,0,0,0,0,0,0,0,0,0,0,0,0,0,0,0,0,0,0,0,0,0,0,0,0,0,0,0,0,0,0,0,4480,"2019-08","Carolyn Harris","F","Labour","Swansea East","Wales",596,636,"0"
0,0,0,0,0,0,0,0,0,0,0,0,0,0,1,0,0,0,0,0,0,0,0,0,0,0,0,0,0,0,0,0,0,0,0,0,0,3928,"2019-08","Nick Smith","M","Labour","Blaenau Gwent","Wales",607,636,"0"
0,0,0,0,0,0,0,0,0,0,0,0,0,0,0,1,0,0,0,0,0,0,0,0,0,0,0,0,0,0,0,0,0,0,0,0,0,4659,"2019-08","Andrew Lewer","M","Conservative","Northampton South","East Midlands",600,640,"0"
0,0,0,0,0,0,0,0,0,0,0,0,1,0,0,0,0,0,0,0,0,0,0,0,0,0,0,1,0,0,0,0,0,0,0,0,0,1601,"2019-08","Sir Robert Neill","M","Conservative","Bromley and Chislehurst","London",866,796,"0"
0,0,0,0,0,0,0,0,0,0,0,0,0,0,0,1,0,0,0,0,0,0,0,0,0,0,0,0,0,0,0,0,0,0,0,0,0,4374,"2019-08","Martin Docherty-Hughes","M","Scottish National Party","West Dunbartonshire","Scotland",682,702,"0"
0,0,0,1,0,0,0,0,0,0,0,0,0,0,0,0,0,0,0,0,0,0,0,0,0,0,0,0,0,0,0,0,0,0,0,0,0,4474,"2019-09","Kevin Hollinrake","M","Conservative","Thirsk and Malton","Yorkshire and The Humber",605,632,"0"
0,0,0,0,0,0,1,0,0,0,0,0,0,0,0,0,0,0,0,0,0,0,0,0,0,0,0,0,0,0,0,0,0,0,0,0,0,4430,"2019-09","Alison Thewliss","F","Scottish National Party","Glasgow Central","Scotland",688,702,"0"
0,0,0,0,0,0,0,0,0,0,0,0,0,0,0,0,0,1,0,0,0,0,0,0,0,0,0,0,0,0,0,0,0,0,0,0,0,4677,"2019-09","Giles Watling","M","Conservative","Clacton","East of England",593,706,"0"
0,0,0,0,0,0,0,0,0,0,0,0,0,0,0,0,0,0,0,0,0,0,0,0,0,0,0,0,0,1,0,0,0,0,0,0,0,4382,"2019-09","Daniel Zeichner","M","Labour","Cambridge","East of England",779,706,"0"
0,0,0,0,0,0,0,0,0,0,0,0,0,0,0,0,0,0,1,0,0,0,0,0,0,0,0,0,0,0,0,0,0,0,0,0,0,4510,"2019-09","Helen Hayes","F","Labour","Dulwich and West Norwood","London",846,796,"0"
0,0,0,0,0,0,1,0,0,0,0,0,0,0,0,0,0,0,0,0,0,0,0,0,0,0,0,0,0,0,0,0,0,0,0,0,0,4442,"2019-09","Huw Merriman","M","Conservative","Bexhill and Battle","South East",645,724,"0"
0,0,0,0,0,0,0,1,0,0,0,0,0,0,0,0,0,0,0,0,0,0,0,0,0,0,0,0,0,0,0,0,0,0,0,0,0,4627,"2019-09","Douglas Ross","M","Conservative","Moray","Scotland",647,702,"0"
0,0,0,0,0,0,0,0,0,0,0,0,0,0,0,0,0,1,0,0,0,0,0,0,0,0,0,0,0,0,0,0,0,0,0,0,0,4464,"2019-09","Melanie Onn","F","Labour","Great Grimsby","Yorkshire and The Humber",595,632,"0"
0,0,0,0,0,0,0,0,0,0,0,0,0,0,0,0,0,1,0,0,0,0,0,2,0,0,0,0,0,0,0,0,0,0,0,0,0,4698,"2019-09","Janet Daby","F","Labour","Lewisham East","London",764,796,"1"
0,0,0,0,0,0,1,0,0,0,0,0,1,0,0,0,0,0,0,0,0,0,0,0,0,0,0,0,0,0,0,0,0,0,0,0,0,4625,"2019-09","Paul Masterton","M","Conservative","East Renfrewshire","Scotland",859,702,"0"
0,0,0,0,0,0,1,0,0,0,0,0,0,0,0,0,0,0,0,0,0,0,0,0,0,0,0,0,0,0,0,0,0,0,0,0,0,1566,"2019-09","Daniel Kawczynski","M","Conservative","Shrewsbury and Atcham","West Midlands",629,652,"0"
0,0,0,0,0,0,0,0,0,0,0,0,0,0,0,0,0,1,0,0,0,0,0,0,0,0,0,0,0,0,0,0,0,0,0,0,0,4136,"2019-09","Nigel Mills","M","Conservative","Amber Valley","East Midlands",665,640,"0"
0,0,0,0,0,0,1,0,0,0,0,0,0,0,0,0,0,0,0,0,0,0,0,0,0,0,0,0,0,0,0,0,0,0,0,0,0,3928,"2019-09","Nick Smith","M","Labour","Blaenau Gwent","Wales",607,636,"0"
0,0,0,0,0,0,0,0,0,0,0,0,0,0,0,1,0,0,0,0,0,0,0,0,0,0,0,0,0,0,0,0,0,0,0,0,0,4048,"2019-09","Caroline Nokes","F","Conservative","Romsey and Southampton North","South East",700,724,"0"
0,0,0,1,0,0,0,0,0,0,0,0,0,0,0,0,0,0,0,0,0,0,0,0,0,0,0,0,0,0,0,0,0,0,0,0,0,4456,"2019-09","Jeff Smith","M","Labour","Manchester, Withington","North West",718,649,"0"
0,0,0,0,0,0,0,0,0,0,0,0,0,0,0,0,0,0,0,0,1,0,0,0,0,0,0,0,0,0,0,0,0,0,0,0,0,4638,"2019-09","Mr Tanmanjeet Singh Dhesi","M","Labour","Slough","South East",728,724,"0"
0,0,0,0,0,0,0,0,0,0,0,0,0,0,0,0,0,0,0,0,1,0,0,0,0,0,0,0,0,0,0,0,0,0,0,0,0,4122,"2019-09","Alex Cunningham","M","Labour","Stockton North","North East",564,614,"0"
0,0,0,0,0,0,0,0,0,0,0,0,0,0,0,0,0,1,0,0,0,0,0,0,0,0,0,0,0,0,0,0,0,0,0,0,0,4474,"2019-10","Kevin Hollinrake","M","Conservative","Thirsk and Malton","Yorkshire and The Humber",605,632,"0"
0,0,0,0,0,0,0,0,0,0,0,0,0,0,0,0,0,0,1,0,0,0,0,0,0,0,0,0,0,0,0,0,0,0,0,0,0,4088,"2019-10","Stella Creasy","F","Labour (Co-op)","Walthamstow","London",782,796,"0"
0,0,0,0,0,0,0,0,0,0,0,0,0,0,0,0,0,0,1,0,0,0,0,0,0,0,0,0,0,0,0,0,0,0,0,0,0,4610,"2019-10","Bambos Charalambous","M","Independent","Enfield, Southgate","London",775,796,"1"
0,0,0,0,0,0,0,0,0,0,0,0,0,0,0,0,0,0,1,0,0,0,0,0,0,0,0,0,0,0,0,0,0,0,0,0,0,4472,"2019-10","Holly Lynch","F","Labour","Halifax","Yorkshire and The Humber",600,632,"0"
0,0,0,0,0,0,0,0,0,0,0,0,0,0,0,0,0,0,1,0,0,0,0,0,0,0,0,0,0,0,0,0,0,0,0,0,0,4698,"2019-10","Janet Daby","F","Labour","Lewisham East","London",764,796,"1"
0,0,0,0,1,0,0,0,0,0,0,0,0,0,0,0,0,0,0,0,0,0,0,0,0,0,0,0,0,0,0,0,0,0,0,0,0,4675,"2019-10","Kirstene Hair","F","Conservative","Angus","Scotland",631,702,"0"
0,0,0,0,0,0,1,0,0,0,0,0,0,0,0,0,0,0,1,0,0,0,0,0,0,0,0,0,0,0,0,0,0,0,0,0,0,4474,"2019-12","Kevin Hollinrake","M","Conservative","Thirsk and Malton","Yorkshire and The Humber",605,632,"0"
0,0,0,0,0,0,1,0,0,0,0,0,1,0,0,0,0,0,0,0,0,0,0,0,0,0,0,0,0,0,0,0,0,0,0,0,0,4676,"2019-12","Marsha De Cordova","F","Labour","Battersea","London",909,796,"0"
0,0,0,0,0,0,0,0,0,0,0,0,0,0,1,0,0,0,0,0,0,0,0,0,0,0,0,0,0,0,0,0,0,0,0,0,0,1533,"2019-12","Dame Diana Johnson","F","Labour","Kingston upon Hull North","Yorkshire and The Humber",567,632,"0"
0,0,0,0,0,0,1,0,0,0,0,0,0,0,0,0,0,0,1,0,0,0,0,0,0,0,0,0,0,0,0,0,0,0,0,0,0,1585,"2019-12","Stephen Hammond","M","Conservative","Wimbledon","London",864,796,"0"
0,0,0,0,0,0,0,0,0,0,0,0,0,0,0,0,0,1,0,0,0,0,0,0,0,0,0,0,0,0,0,0,0,0,0,0,0,4754,"2019-12","Peter Gibson","M","Conservative","Darlington","North East",587,614,"0"
0,0,0,0,0,0,1,0,0,0,0,0,0,0,0,0,0,0,0,0,0,0,0,0,0,0,0,0,0,0,0,0,0,0,0,0,0,4832,"2019-12","Nick Fletcher","M","Conservative","Don Valley","Yorkshire and The Humber",641,632,"0"
0,0,0,0,0,0,1,0,0,0,0,0,1,0,0,0,0,0,0,0,0,0,0,0,0,0,0,0,0,0,0,0,0,0,0,0,0,4810,"2019-12","Mr Rob Roberts","M","Independent","Delyn","Wales",674,636,"0"
0,0,0,0,0,0,1,0,0,0,0,0,0,0,0,0,0,0,1,0,0,0,0,0,0,0,0,0,0,0,0,0,0,0,0,0,0,1453,"2019-12","Andrew Selous","M","Conservative","South West Bedfordshire","East of England",739,706,"0"
0,0,0,0,0,0,1,0,0,0,0,0,1,0,0,0,0,0,0,0,0,0,0,0,0,0,0,0,0,0,0,0,0,0,0,0,0,4398,"2019-12","Chris Green","M","Conservative","Bolton West","North West",662,649,"0"
0,0,0,0,0,0,1,0,0,0,0,0,0,0,0,0,0,0,0,0,0,0,0,0,0,0,0,0,0,0,0,0,0,0,0,0,0,4741,"2019-12","Nickie Aiken","F","Conservative","Cities of London and Westminster","London",906,796,"0"
0,0,0,0,0,0,0,0,0,0,0,0,0,0,0,0,0,1,0,0,0,0,0,0,0,0,0,0,0,0,0,0,0,0,0,0,0,3960,"2019-12","Henry Smith","M","Conservative","Crawley","South East",654,724,"0"
0,0,0,0,0,0,0,0,0,0,0,0,0,0,0,0,0,1,0,0,0,0,0,0,0,0,0,0,0,0,0,0,0,0,0,0,0,4778,"2019-12","Greg Smith","M","Conservative","Buckingham","South East",806,724,"0"
0,0,0,0,0,0,1,0,0,0,0,0,0,0,0,0,0,0,0,0,0,0,0,0,0,0,0,0,0,0,0,0,0,0,0,0,0,3998,"2019-12","Mark Menzies","M","Conservative","Fylde","North West",726,649,"0"
0,0,0,0,0,0,1,0,0,0,0,0,0,0,0,0,0,0,1,0,0,0,0,0,0,0,0,0,0,0,0,0,0,0,0,0,0,4850,"2019-12","Gareth Davies","M","Conservative","Grantham and Stamford","East Midlands",655,640,"0"
0,0,0,0,0,0,1,0,0,0,0,0,0,0,0,0,0,0,0,0,0,0,0,0,0,0,0,0,0,0,0,0,0,0,0,0,0,4589,"2019-12","Robert Courts","M","Conservative","Witney","South East",688,724,"0"
0,0,0,0,0,0,0,0,0,0,0,0,0,0,0,0,0,1,0,0,0,0,0,0,0,0,0,0,0,0,0,0,0,0,0,0,0,4667,"2019-12","Mike Amesbury","M","Labour","Weaver Vale","North West",675,649,"0"
0,0,0,0,0,0,1,0,0,0,0,0,0,0,0,0,0,0,1,0,0,0,0,0,0,0,0,0,0,0,0,0,0,0,0,0,0,4868,"2019-12","Nicola Richards","F","Conservative","West Bromwich East","West Midlands",645,652,"0"
0,0,0,0,0,0,1,0,0,0,0,0,0,0,0,0,0,0,0,0,0,0,0,0,0,0,0,0,0,0,0,0,0,0,0,0,0,1526,"2019-12","Greg Hands","M","Conservative","Chelsea and Fulham","London",862,796,"0"
0,0,0,0,1,0,0,0,0,0,0,0,0,0,0,0,0,0,0,0,0,0,0,0,0,0,0,0,0,0,0,0,0,0,0,0,0,4680,"2019-12","Gillian Keegan","F","Conservative","Chichester","South East",661,724,"0"
0,0,0,0,0,0,0,1,0,0,0,0,0,0,0,0,0,0,0,0,0,0,0,0,0,0,0,0,0,0,0,0,0,0,0,0,0,4815,"2019-12","Mark Logan","M","Conservative","Bolton North East","North West",620,649,"0"
0,1,0,0,0,0,0,0,0,0,0,0,0,0,0,0,0,0,0,0,0,0,0,0,0,0,0,0,0,0,0,0,0,0,0,0,0,4588,"2019-12","Tracy Brabin","F","Labour (Co-op)","Batley and Spen","Yorkshire and The Humber",651,632,"0"
0,0,0,0,1,0,0,0,0,0,0,0,0,0,0,0,0,0,0,0,0,0,0,0,0,0,0,0,0,0,0,0,0,0,0,0,0,4668,"2019-12","Rachel Maclean","F","Conservative","Redditch","West Midlands",615,652,"0"
0,1,0,0,0,0,0,0,0,0,0,0,0,0,0,0,0,0,0,0,0,0,0,0,0,0,0,0,0,0,0,0,0,0,0,0,0,4716,"2019-12","Ruth Jones","F","Labour","Newport West","Wales",619,636,"0"
0,0,0,0,0,0,0,0,0,0,0,0,0,0,0,0,0,0,1,0,0,0,0,0,0,0,0,0,0,0,0,0,0,0,0,0,0,163,"2019-12","Sir Stephen Timms","M","Labour","East Ham","London",698,796,"0"
0,0,0,0,0,1,0,0,0,0,0,0,0,0,0,0,0,0,0,0,0,0,0,0,0,0,0,0,0,0,0,0,0,0,0,0,0,4744,"2020-01","Simon Fell","M","Conservative","Barrow and Furness","North West",705,649,"0"
0,0,0,0,0,1,0,0,0,0,0,0,0,0,0,0,0,0,0,0,0,0,0,0,0,0,0,1,0,0,0,0,0,0,0,0,0,4107,"2020-01","Harriett Baldwin","F","Conservative","West Worcestershire","West Midlands",678,652,"0"
0,0,0,0,0,1,0,0,0,0,0,0,0,0,0,0,0,0,0,0,0,0,0,0,0,0,0,0,0,0,0,0,0,0,0,0,0,4446,"2020-01","Mr Marcus Fysh","M","Conservative","Yeovil","South West",628,664,"0"
0,0,0,0,0,1,0,0,0,0,0,0,0,0,0,0,0,0,0,0,0,0,0,0,0,0,0,0,0,0,0,0,0,0,0,0,0,4589,"2020-01","Robert Courts","M","Conservative","Witney","South East",688,724,"0"
0,0,0,0,0,1,0,0,0,0,0,0,0,0,0,0,0,0,0,0,0,0,0,0,0,0,0,0,0,0,0,0,0,0,0,0,0,55,"2020-01","Sir Desmond Swayne","M","Conservative","New Forest West","South East",629,724,"0"
0,0,0,0,0,0,0,0,0,0,0,0,0,0,0,0,0,0,1,0,0,0,0,0,0,0,0,0,0,0,0,0,0,0,0,0,0,253,"2020-01","Mr Laurence Robertson","M","Conservative","Tewkesbury","South West",663,664,"0"
0,1,0,0,0,0,0,0,0,0,0,0,0,0,0,0,0,0,0,0,0,0,0,0,0,0,0,0,0,0,0,0,0,0,0,0,0,4869,"2020-02","Nadia Whittome","F","Labour","Nottingham East","East Midlands",549,640,"1"
0,0,0,0,0,0,0,0,0,1,0,0,0,0,0,0,0,0,0,0,0,0,0,0,0,0,0,0,0,0,0,0,0,0,0,0,0,4829,"2020-02","Sam Tarry","M","Labour","Ilford South","London",698,796,"0"
0,0,0,0,0,0,0,1,0,0,0,0,0,0,0,0,0,0,0,0,0,0,0,0,0,0,0,0,0,0,0,0,0,0,0,0,0,4744,"2020-02","Simon Fell","M","Conservative","Barrow and Furness","North West",705,649,"0"
0,0,0,0,0,0,0,1,0,0,0,0,0,0,0,0,0,0,0,0,0,0,0,0,0,0,0,0,0,0,0,0,0,0,0,0,0,4844,"2020-02","Matt Vickers","M","Conservative","Stockton South","North East",665,614,"0"
0,0,0,0,0,0,0,0,0,0,0,0,0,0,0,0,0,0,0,0,0,0,0,0,0,0,0,1,0,0,0,0,0,0,0,0,0,163,"2020-02","Sir Stephen Timms","M","Labour","East Ham","London",698,796,"0"
0,0,1,0,0,0,0,0,0,0,0,0,1,0,0,0,0,0,0,0,0,0,0,0,0,0,0,0,0,0,0,0,0,0,0,0,0,280,"2020-02","Michael Fabricant","M","Conservative","Lichfield","West Midlands",773,652,"0"
0,0,0,0,0,0,1,0,0,0,0,0,0,0,0,0,0,0,0,0,0,0,0,0,0,0,0,0,0,0,0,0,0,0,0,0,0,4415,"2020-02","John Nicolson","M","Scottish National Party","Ochil and South Perthshire","Scotland",707,702,"0"
0,0,0,0,0,0,0,0,0,0,0,0,0,0,0,0,0,0,0,0,0,0,0,0,0,0,0,0,1,0,0,0,0,0,0,0,0,4435,"2020-02","Patricia Gibson","F","Scottish National Party","North Ayrshire and Arran","Scotland",704,702,"0"
0,0,0,0,0,0,0,0,0,0,0,0,0,0,0,0,0,0,0,0,0,0,0,0,0,0,0,0,0,1,0,0,0,0,0,0,0,4671,"2020-02","Afzal Khan","M","Labour","Manchester, Gorton","North West",639,649,"1"
0,0,0,0,0,0,0,0,0,0,0,0,0,0,0,1,0,0,0,0,0,0,0,0,0,0,0,0,0,0,0,0,0,0,0,0,0,4798,"2020-02","Gareth Bacon","M","Conservative","Orpington","London",799,796,"0"
0,0,0,0,0,0,0,0,0,0,0,0,0,0,0,1,0,0,0,0,0,0,0,0,0,0,0,0,0,0,0,0,0,0,0,0,0,4766,"2020-02","Dr Jamie Wallis","M","Conservative","Bridgend","Wales",670,636,"0"
0,0,0,0,0,0,0,0,0,0,0,0,0,0,1,0,0,0,0,0,0,0,0,0,0,0,0,0,0,0,0,0,0,0,0,0,0,4850,"2020-02","Gareth Davies","M","Conservative","Grantham and Stamford","East Midlands",655,640,"0"
0,0,0,0,0,0,0,0,0,0,0,0,0,0,1,0,0,0,0,0,0,0,0,0,0,0,0,0,0,0,0,0,0,0,0,0,0,1198,"2020-02","Sir David Evennett","M","Conservative","Bexleyheath and Crayford","London",784,796,"0"
0,0,0,0,0,0,0,0,0,0,0,0,0,0,0,1,0,0,0,0,0,0,0,0,0,0,0,0,0,0,0,0,0,0,0,0,0,4408,"2020-04","Christian Matheson","M","Independent","City of Chester","North West",685,649,"0"
0,0,0,0,0,0,0,0,0,0,0,0,0,0,0,0,0,0,1,0,0,0,0,0,0,0,0,0,0,0,0,0,0,0,0,0,0,155,"2020-04","Geraint Davies","M","Independent","Swansea West","Wales",662,636,"0"
0,0,0,0,1,0,0,0,0,0,0,0,0,0,0,0,0,0,0,0,0,0,0,0,0,0,0,0,0,0,0,0,0,0,0,0,0,4034,"2020-04","Yvonne Fovargue","F","Labour","Makerfield","North West",625,649,"0"
0,0,0,0,1,0,0,0,0,0,0,0,0,0,0,0,0,0,0,0,0,0,0,0,0,0,0,0,0,0,0,0,0,0,0,0,0,4826,"2020-04","Laura Farris","F","Conservative","Newbury","South East",778,724,"0"
0,0,0,0,1,0,0,0,0,0,0,0,0,0,0,0,0,0,0,0,0,0,0,0,0,0,0,0,0,0,0,0,0,0,0,0,0,4607,"2020-04","Stephanie Peacock","F","Labour","Barnsley East","Yorkshire and The Humber",643,632,"0"
0,0,0,0,0,0,0,0,0,0,0,0,1,0,0,0,0,0,0,0,0,0,0,0,0,0,0,0,0,0,0,0,0,0,0,0,0,4617,"2020-04","Matt Western","M","Labour","Warwick and Leamington","West Midlands",793,652,"0"
0,0,0,0,0,0,0,0,0,0,0,0,1,0,0,0,0,0,0,0,0,0,0,0,0,0,0,0,0,0,0,0,0,0,0,0,0,4456,"2020-04","Jeff Smith","M","Labour","Manchester, Withington","North West",718,649,"0"
0,0,0,0,0,0,0,0,0,0,0,0,0,0,0,0,0,0,0,0,1,0,0,1,0,0,0,0,0,0,0,0,0,0,0,0,0,4778,"2020-04","Greg Smith","M","Conservative","Buckingham","South East",806,724,"0"
0,0,0,0,0,0,0,0,0,0,0,0,0,0,0,1,0,0,0,0,0,0,0,0,0,0,0,0,0,0,0,0,0,0,0,0,0,4607,"2020-04","Stephanie Peacock","F","Labour","Barnsley East","Yorkshire and The Humber",643,632,"0"
0,0,0,0,0,0,0,0,0,0,0,0,0,0,0,0,1,0,0,0,0,0,1,0,0,0,0,0,0,0,0,0,0,0,0,0,0,4486,"2020-04","Hannah Bardell","F","Scottish National Party","Livingston","Scotland",709,702,"0"
0,0,0,0,0,1,0,0,0,0,0,0,0,0,0,0,0,0,0,0,0,0,0,0,0,0,0,0,0,0,0,0,0,0,0,0,0,4398,"2020-04","Chris Green","M","Conservative","Bolton West","North West",662,649,"0"
0,0,0,0,0,0,0,0,0,0,0,0,0,0,0,1,0,0,0,0,0,0,0,0,0,0,0,0,0,0,0,0,0,0,0,0,0,4253,"2020-04","Seema Malhotra","F","Labour (Co-op)","Feltham and Heston","London",664,796,"1"
0,0,0,0,0,0,0,0,0,0,0,0,0,0,0,1,0,0,0,0,0,0,0,0,0,0,0,0,0,0,0,0,0,0,0,0,0,1506,"2020-04","Andrew Gwynne","M","Labour","Denton and Reddish","North West",629,649,"0"
0,0,0,0,0,0,0,0,0,0,0,0,0,0,0,1,0,0,0,0,0,0,0,0,0,0,0,0,0,0,0,0,0,0,0,0,0,4816,"2020-04","Miss Sarah Dines","F","Conservative","Derbyshire Dales","East Midlands",739,640,"0"
0,0,0,0,0,0,0,0,0,0,0,0,0,0,0,1,0,0,0,0,0,0,0,0,0,0,0,0,0,0,0,0,0,0,0,0,0,4862,"2020-04","Simon Jupp","M","Conservative","East Devon","South West",695,664,"0"
0,0,0,0,1,0,0,0,0,0,0,0,0,0,0,0,0,0,0,0,0,0,0,0,0,0,0,0,0,0,0,0,0,0,0,0,0,4874,"2020-04","Andrew Griffith","M","Conservative","Arundel and South Downs","South East",707,724,"0"
0,0,0,0,0,0,0,0,0,0,0,0,0,0,0,0,1,0,0,0,0,0,1,0,0,0,0,0,0,0,0,0,0,0,0,0,0,4420,"2020-04","Gavin Newlands","M","Scottish National Party","Paisley and Renfrewshire North","Scotland",802,702,"0"
0,0,0,0,0,0,0,0,0,0,0,0,0,0,0,0,0,0,0,0,0,0,1,1,0,0,0,0,0,0,0,0,0,0,0,0,0,3930,"2020-04","Caroline Lucas","F","Green Party","Brighton, Pavilion","South East",670,724,"0"
0,0,0,0,0,0,0,0,0,0,0,0,0,0,0,0,0,0,0,0,0,0,1,0,0,0,0,0,0,0,0,0,0,0,0,0,0,1601,"2020-04","Sir Robert Neill","M","Conservative","Bromley and Chislehurst","London",866,796,"0"
0,0,0,0,0,0,0,0,0,0,0,0,0,0,0,0,0,0,0,0,0,0,1,0,0,0,0,0,0,0,0,0,0,0,0,0,0,4873,"2020-04","Rachel Hopkins","F","Labour","Luton South","East of England",592,706,"0"
0,0,0,0,0,0,0,0,0,0,0,0,0,0,0,0,1,0,0,0,0,0,0,0,0,0,0,0,0,0,0,0,0,0,0,0,0,1588,"2020-04","Barbara Keeley","F","Labour","Worsley and Eccles South","North West",593,649,"0"
0,0,0,0,0,0,0,0,0,0,0,0,1,0,0,0,0,0,0,0,0,0,0,0,0,0,0,0,0,0,0,0,0,0,0,0,0,4645,"2020-04","Emma Hardy","F","Labour","Kingston upon Hull West and Hessle","Yorkshire and The Humber",578,632,"0"
0,0,0,0,0,0,0,0,0,0,0,0,0,0,0,0,0,0,0,0,0,0,1,0,0,0,0,0,0,0,0,0,0,0,0,0,0,4651,"2020-04","Dan Carden","M","Labour","Liverpool, Walton","North West",559,649,"0"
0,0,0,0,0,0,0,0,0,0,0,0,0,0,0,0,0,0,0,0,0,0,0,1,0,0,0,0,0,0,0,0,0,0,0,0,0,4432,"2020-04","Patrick Grady","M","Scottish National Party","Glasgow North","Scotland",730,702,"0"
0,0,0,0,0,0,0,0,0,0,0,0,0,0,0,0,1,0,0,0,0,0,0,0,0,0,0,0,0,0,0,0,0,0,0,0,0,4467,"2020-04","Drew Hendry","M","Scottish National Party","Inverness, Nairn, Badenoch and Strathspey","Scotland",708,702,"0"
0,0,0,0,1,0,0,0,0,0,0,0,0,0,0,0,0,0,0,0,0,0,0,0,0,0,0,0,0,0,0,0,0,0,0,0,0,4083,"2020-05","Alison McGovern","F","Labour","Wirral South","North West",683,649,"0"
0,0,0,0,0,0,0,0,0,0,0,0,0,0,0,1,0,0,0,0,0,0,0,0,0,0,0,0,0,0,0,0,0,0,0,0,0,4653,"2020-05","Stephen Morgan","M","Labour","Portsmouth South","South East",636,724,"0"
0,0,0,0,0,0,0,0,0,0,0,0,0,0,0,0,0,0,0,0,0,0,1,0,0,0,0,0,0,0,0,0,0,0,0,0,0,3940,"2020-05","Craig Whittaker","M","Conservative","Calder Valley","Yorkshire and The Humber",664,632,"0"
0,0,0,0,0,0,0,0,0,0,0,0,0,0,0,0,0,0,0,0,0,0,1,0,0,0,0,0,0,0,0,0,0,0,0,0,0,4743,"2020-05","Lee Anderson","M","Conservative","Ashfield","East Midlands",588,640,"0"
0,0,0,0,0,0,0,0,0,0,0,0,0,0,0,0,0,0,0,0,0,0,1,0,0,0,0,0,0,0,0,0,0,0,0,0,0,1198,"2020-05","Sir David Evennett","M","Conservative","Bexleyheath and Crayford","London",784,796,"0"
0,0,0,0,1,0,0,0,0,0,0,0,0,0,0,0,0,0,0,0,0,0,0,0,0,0,0,0,0,0,0,0,0,0,0,0,0,4456,"2020-05","Jeff Smith","M","Labour","Manchester, Withington","North West",718,649,"0"
0,0,0,0,0,0,0,0,0,0,0,0,1,0,0,0,0,0,0,0,0,0,0,0,0,0,0,0,0,0,0,0,0,0,0,0,0,4837,"2020-06","Aaron Bell","M","Conservative","Newcastle-under-Lyme","West Midlands",618,652,"0"
0,0,0,0,0,0,0,0,0,0,0,0,0,0,0,0,0,0,1,0,0,0,0,0,0,0,0,0,0,0,0,0,0,0,0,0,0,4698,"2020-06","Janet Daby","F","Labour","Lewisham East","London",764,796,"1"
0,0,0,0,0,0,0,0,0,0,0,0,0,0,0,0,0,0,1,0,0,0,0,0,0,0,0,0,0,0,0,0,0,0,0,0,0,4400,"2020-06","Margaret Greenwood","F","Labour","Wirral West","North West",811,649,"0"
0,0,0,0,0,0,0,1,0,0,0,0,0,0,0,0,0,0,0,0,0,0,0,0,0,0,0,0,0,0,0,0,0,0,0,0,0,3942,"2020-06","John Stevenson","M","Conservative","Carlisle","North West",609,649,"0"
0,0,0,0,0,0,1,0,0,0,0,0,0,0,0,0,0,0,0,0,0,0,0,0,0,0,0,0,0,0,0,0,0,0,0,0,0,4789,"2020-06","Marco Longhi","M","Conservative","Dudley North","West Midlands",605,652,"0"
0,0,0,0,0,0,0,0,0,0,1,0,0,0,0,0,0,0,0,0,0,0,0,0,0,0,0,0,0,0,0,0,0,0,0,0,0,345,"2020-06","Sir Edward Leigh","M","Conservative","Gainsborough","East Midlands",640,640,"0"
0,0,0,0,0,0,0,0,0,0,0,0,1,0,0,0,0,0,0,0,0,0,0,0,0,0,0,0,0,0,0,0,0,0,0,0,0,4802,"2020-06","Suzanne Webb","F","Conservative","Stourbridge","West Midlands",612,652,"0"
0,0,0,0,0,0,0,0,0,0,0,0,0,0,0,0,0,0,0,0,1,0,0,0,0,0,0,0,0,0,0,0,0,0,0,0,0,4515,"2020-06","Kate Osamor","F","Labour (Co-op)","Edmonton","London",686,796,"1"
0,0,0,0,0,0,0,0,0,0,0,0,0,0,0,0,0,0,0,0,0,0,1,0,0,0,0,0,0,0,0,0,0,0,0,0,0,1588,"2020-06","Barbara Keeley","F","Labour","Worsley and Eccles South","North West",593,649,"0"
0,0,0,0,0,0,0,0,0,0,0,0,0,0,0,0,0,0,0,0,0,0,1,0,0,0,0,0,0,0,0,0,0,0,0,0,0,4797,"2020-06","James Murray","M","Labour (Co-op)","Ealing North","London",664,796,"0"
0,0,0,0,0,0,0,0,0,0,0,0,0,0,0,0,0,0,0,0,0,0,1,0,0,0,0,0,0,0,0,0,0,0,0,0,0,4623,"2020-06","Tonia Antoniazzi","F","Labour","Gower","Wales",664,636,"0"
0,0,0,0,0,0,0,0,0,0,0,0,0,0,0,0,0,0,0,0,0,0,0,0,0,0,0,0,0,1,0,0,0,0,0,0,0,4505,"2020-08","Peter Kyle","M","Labour","Hove","South East",679,724,"0"
0,0,0,0,0,0,0,0,0,0,0,0,1,0,0,0,0,0,0,0,0,0,0,0,0,0,0,0,0,0,0,0,0,0,0,0,0,4058,"2020-08","Paul Blomfield","M","Labour","Sheffield Central","Yorkshire and The Humber",643,632,"0"
0,0,0,0,0,0,0,0,0,0,0,0,0,0,0,0,0,0,0,0,0,0,0,0,0,0,0,0,0,1,0,0,0,0,0,0,0,4505,"2020-08","Peter Kyle","M","Labour","Hove","South East",679,724,"0"
0,0,0,0,0,0,0,0,0,0,0,0,1,0,0,0,0,0,0,0,0,0,0,0,0,0,0,0,0,0,0,0,0,0,0,0,0,4058,"2020-08","Paul Blomfield","M","Labour","Sheffield Central","Yorkshire and The Humber",643,632,"0"
0,0,0,0,0,0,0,0,0,0,0,0,0,0,0,0,0,0,1,0,0,0,0,0,0,0,0,0,0,0,0,0,0,0,0,0,0,4768,"2020-08","Julie Marson","F","Conservative","Hertford and Stortford","East of England",861,706,"0"
0,0,0,0,0,0,0,0,0,0,0,0,0,0,1,0,0,0,0,0,0,0,0,0,0,0,0,0,0,0,0,0,0,0,0,0,0,1538,"2020-08","Rosie Cooper","F","Labour","West Lancashire","North West",657,649,"0"
0,0,0,0,0,0,0,0,0,0,0,0,0,0,0,0,0,0,0,0,0,0,0,0,1,0,0,0,0,0,0,0,0,0,0,0,0,4118,"2020-08","Julian Smith","M","Conservative","Skipton and Ripon","Yorkshire and The Humber",648,632,"0"
0,0,1,0,0,0,0,0,0,0,0,0,0,0,0,0,0,0,0,0,0,0,0,0,0,0,0,0,0,0,0,0,0,0,0,0,0,4845,"2020-08","Tom Randall","M","Conservative","Gedling","East Midlands",644,640,"0"
0,0,0,0,0,0,0,0,0,0,0,0,0,0,0,0,0,0,1,0,0,0,0,0,0,0,0,0,0,0,0,0,0,0,0,0,0,1442,"2020-08","Mr Alistair Carmichael","M","Liberal Democrat","Orkney and Shetland","Scotland",847,702,"0"
0,0,1,0,0,0,0,0,0,0,0,0,0,0,0,0,0,0,0,0,0,0,0,0,0,0,0,0,0,0,0,0,0,0,0,0,0,4774,"2020-08","Mark Fletcher","M","Conservative","Bolsover","East Midlands",561,640,"0"
0,0,0,0,0,0,0,0,0,0,1,0,0,0,0,0,0,0,1,0,0,0,0,0,0,0,0,0,0,0,0,0,0,0,0,0,0,4086,"2020-08","Alun Cairns","M","Conservative","Vale of Glamorgan","Wales",665,636,"0"
0,0,0,0,0,0,0,0,0,0,0,0,0,0,0,0,0,0,1,0,0,0,0,0,0,0,0,0,0,0,0,0,0,0,0,0,0,1506,"2020-08","Andrew Gwynne","M","Labour","Denton and Reddish","North West",629,649,"0"
0,0,0,0,0,0,0,0,0,0,0,0,0,0,0,0,0,0,1,0,0,0,0,0,0,0,0,0,0,0,0,0,0,0,0,0,0,4061,"2020-08","Bill Esterson","M","Labour","Sefton Central","North West",720,649,"0"
0,0,0,0,0,0,0,0,0,0,0,0,0,0,0,1,0,0,0,0,0,0,0,0,0,0,0,0,0,0,0,0,0,0,0,0,0,4360,"2020-08","Gavin Robinson","M","Democratic Unionist Party","Belfast East","Northern Ireland",640,643,"0"
0,0,0,0,0,0,0,0,0,0,0,0,0,0,0,0,0,0,0,0,0,0,0,0,0,0,0,1,0,0,0,0,0,0,0,0,0,4766,"2020-08","Dr Jamie Wallis","M","Conservative","Bridgend","Wales",670,636,"0"
0,0,0,0,0,0,0,0,0,0,0,0,0,0,0,0,0,0,0,0,0,0,0,0,0,0,0,1,0,0,0,0,0,0,0,0,0,4843,"2020-08","James Grundy","M","Conservative","Leigh","North West",622,649,"0"
0,0,0,0,0,0,0,0,0,0,0,0,0,0,0,0,0,0,1,0,0,0,0,0,0,0,0,0,0,0,0,0,0,0,0,0,0,4872,"2020-08","David Simmonds","M","Conservative","Ruislip, Northwood and Pinner","London",890,796,"0"
0,0,0,0,0,0,0,0,0,0,0,0,0,0,0,0,0,0,0,0,0,0,0,0,0,0,0,1,0,0,0,0,0,0,0,0,0,146,"2020-08","Barry Gardiner","M","Labour","Brent North","London",733,796,"0"
0,0,0,0,0,0,0,0,0,0,0,0,0,0,0,0,0,0,0,0,0,0,0,0,0,0,0,1,0,0,0,0,0,0,0,0,0,4815,"2020-08","Mark Logan","M","Conservative","Bolton North East","North West",620,649,"0"
0,0,0,0,0,0,0,0,0,0,0,0,0,0,0,0,0,0,0,0,0,0,0,0,0,0,0,1,0,0,0,0,0,0,0,0,0,4821,"2020-08","Felicity Buchan","F","Conservative","Kensington","London",931,796,"0"
0,0,0,0,0,0,0,0,0,0,0,0,0,0,0,0,0,0,0,0,0,0,0,0,0,0,0,1,0,0,0,0,0,0,0,0,0,473,"2020-08","Sir Mark Hendrick","M","Labour (Co-op)","Preston","North West",565,649,"0"
0,0,0,0,0,0,0,0,0,0,0,0,1,0,0,0,0,0,0,0,0,0,0,0,0,0,0,0,0,0,0,0,0,0,0,0,0,4107,"2020-09","Harriett Baldwin","F","Conservative","West Worcestershire","West Midlands",678,652,"0"
0,0,0,0,0,0,0,0,0,0,0,0,0,0,0,0,0,0,0,0,0,0,0,0,0,0,0,1,0,0,0,0,0,0,0,0,0,4072,"2020-09","Neil Parish","M","Conservative","Tiverton and Honiton","South West",636,664,"0"
0,0,0,0,0,0,0,0,1,0,0,0,0,0,0,0,0,0,0,0,0,0,0,0,0,0,0,0,0,0,0,0,0,0,0,0,0,4212,"2020-09","Debbie Abrahams","F","Labour","Oldham East and Saddleworth","North West",644,649,"0"
0,0,0,0,0,0,0,0,1,0,0,0,0,0,0,0,0,0,0,0,0,0,0,0,0,0,0,0,0,0,0,0,0,0,0,0,0,4389,"2020-09","Ruth Cadbury","F","Labour","Brentford and Isleworth","London",849,796,"0"
0,0,0,0,0,0,0,0,0,0,0,0,0,0,0,0,0,0,0,0,0,0,1,0,0,0,0,0,0,0,0,0,0,0,0,0,0,481,"2020-09","Sir George Howarth","M","Labour","Knowsley","North West",668,649,"0"
0,0,0,0,0,0,0,1,0,0,0,0,0,0,0,0,0,0,0,0,0,0,0,0,0,0,0,0,0,0,0,0,0,0,0,0,0,4815,"2020-09","Mark Logan","M","Conservative","Bolton North East","North West",620,649,"0"
0,0,0,0,0,0,0,0,1,0,0,0,0,0,0,0,0,0,0,0,0,0,0,0,0,0,0,0,0,0,0,0,0,0,0,0,0,4831,"2020-09","Ian Byrne","M","Labour","Liverpool, West Derby","North West",616,649,"0"
0,0,0,0,0,0,0,1,0,0,0,0,0,0,0,0,0,0,0,0,0,0,0,0,0,0,0,0,0,0,0,0,0,0,0,0,0,4759,"2020-09","Joy Morrissey","F","Conservative","Beaconsfield","South East",831,724,"0"
0,0,0,0,0,0,0,0,0,0,0,0,0,0,0,1,0,0,0,0,0,0,0,0,0,0,0,1,0,0,0,0,0,0,0,0,0,1500,"2020-09","Theresa Villiers","F","Conservative","Chipping Barnet","London",765,796,"0"
0,0,0,0,0,0,0,0,0,0,0,0,0,0,0,0,0,0,0,0,0,0,0,0,0,0,0,1,0,0,0,0,0,0,0,0,0,4843,"2020-09","James Grundy","M","Conservative","Leigh","North West",622,649,"0"
0,0,0,0,0,0,0,1,0,0,0,0,0,0,0,0,0,0,0,0,0,0,0,0,0,0,0,0,0,0,0,0,0,0,0,0,0,4830,"2020-09","Paul Howell","M","Conservative","Sedgefield","North East",618,614,"0"
0,0,0,0,1,0,0,0,0,0,0,0,0,0,0,0,0,0,0,0,0,0,0,0,0,0,0,0,0,0,0,0,0,0,0,0,0,4815,"2020-10","Mark Logan","M","Conservative","Bolton North East","North West",620,649,"0"
0,0,0,0,1,1,0,0,0,0,0,0,0,0,0,0,0,0,0,0,0,0,0,0,0,0,0,0,0,0,0,0,0,0,0,0,0,155,"2020-10","Geraint Davies","M","Independent","Swansea West","Wales",662,636,"0"
0,0,0,0,1,0,0,0,0,0,0,0,0,0,0,0,0,0,0,0,0,0,0,0,0,0,0,0,0,0,0,0,0,0,0,0,0,4607,"2020-10","Stephanie Peacock","F","Labour","Barnsley East","Yorkshire and The Humber",643,632,"0"
1,1,0,0,0,0,0,0,0,0,0,0,0,0,0,0,0,0,0,0,0,0,0,0,0,0,0,0,0,0,0,0,0,0,0,0,0,4061,"2020-10","Bill Esterson","M","Labour","Sefton Central","North West",720,649,"0"
0,0,0,0,0,0,0,0,0,0,0,0,0,0,0,0,0,0,0,0,0,0,0,1,0,0,0,0,0,0,0,0,0,0,0,0,0,4465,"2020-11","Ronnie Cowan","M","Scottish National Party","Inverclyde","Scotland",719,702,"0"
0,0,0,0,0,0,1,0,0,0,0,0,0,0,0,0,0,0,0,0,0,0,0,1,0,0,0,0,0,0,0,0,0,0,0,0,0,4482,"2020-11","Owen Thompson","M","Scottish National Party","Midlothian","Scotland",716,702,"0"
0,0,0,0,0,0,1,0,0,0,0,0,0,0,0,0,0,0,0,0,0,0,0,1,0,0,0,0,0,0,0,0,0,0,0,0,0,4735,"2020-11","Stephen Flynn","M","Scottish National Party","Aberdeen South","Scotland",768,702,"0"
0,0,0,0,1,0,1,0,0,0,0,0,0,0,0,0,0,0,1,0,0,0,0,0,0,0,0,0,0,0,0,0,0,0,0,0,0,280,"2020-11","Michael Fabricant","M","Conservative","Lichfield","West Midlands",773,652,"0"
0,0,0,0,0,0,1,0,0,0,0,0,0,0,0,0,0,0,0,0,0,0,0,0,0,0,0,0,0,0,0,0,0,0,0,0,0,4767,"2020-11","James Sunderland","M","Conservative","Bracknell","South East",766,724,"0"
1,0,0,0,0,0,0,0,0,0,0,0,0,0,0,0,0,0,0,0,0,0,0,0,0,0,0,0,0,0,0,0,0,0,0,0,0,163,"2020-11","Sir Stephen Timms","M","Labour","East Ham","London",698,796,"0"
0,0,0,0,0,0,1,0,0,0,0,0,0,0,0,0,0,0,1,0,0,0,0,0,0,0,0,0,0,0,0,0,0,0,0,0,0,4520,"2020-11","Matthew Pennycook","M","Labour","Greenwich and Woolwich","London",841,796,"0"
0,0,0,0,0,0,1,0,0,0,0,0,0,0,0,0,0,0,0,0,0,0,0,0,0,0,0,0,0,0,0,0,0,0,0,0,0,411,"2020-11","Mr Barry Sheerman","M","Labour (Co-op)","Huddersfield","Yorkshire and The Humber",593,632,"0"
0,0,0,0,0,0,0,0,0,0,0,0,0,0,0,0,1,0,0,0,0,0,0,0,0,0,0,0,0,0,0,0,0,0,0,0,0,4079,"2020-11","Julian Sturdy","M","Conservative","York Outer","Yorkshire and The Humber",667,632,"0"
0,0,0,0,0,0,0,0,0,0,0,0,0,0,0,0,0,0,0,0,0,0,0,0,0,0,0,1,0,0,0,0,0,0,0,0,0,4859,"2020-11","Virginia Crosbie","F","Conservative","Ynys MÃ´n","Wales",665,636,"0"
0,0,0,0,1,0,0,0,0,0,0,0,0,0,0,0,0,0,0,0,0,0,0,0,0,0,0,0,0,0,0,0,0,0,0,0,0,4069,"2020-11","Peter Aldous","M","Conservative","Waveney","East of England",581,706,"0"
0,0,0,0,0,0,0,0,0,0,0,0,0,0,1,0,0,0,0,0,0,0,0,0,0,0,0,0,0,0,0,0,0,0,0,0,0,4821,"2020-11","Felicity Buchan","F","Conservative","Kensington","London",931,796,"0"
0,0,0,0,0,0,0,0,0,0,0,0,0,0,1,0,0,0,0,0,0,0,0,0,0,0,0,0,0,0,0,0,0,0,0,0,0,4817,"2020-11","Jo Gideon","F","Conservative","Stoke-on-Trent Central","West Midlands",595,652,"0"
0,0,0,0,0,0,0,0,0,0,0,0,0,0,0,0,0,0,0,0,0,0,0,1,0,0,0,0,0,0,0,0,0,0,0,0,0,4785,"2020-12","Dr Ben Spencer","M","Conservative","Runnymede and Weybridge","South East",867,724,"0"
0,0,0,0,0,0,0,0,0,1,0,0,0,0,0,0,0,0,0,0,0,0,0,0,0,0,0,0,0,0,0,0,0,0,0,0,0,4444,"2020-12","Karin Smyth","F","Labour","Bristol South","South West",704,664,"0"
0,0,0,0,0,0,0,0,0,0,0,0,0,0,0,0,0,0,0,0,0,0,0,0,0,0,0,1,0,0,0,0,0,0,0,0,0,252,"2019-01","Dr David Drew","M","Labour (Co-op)","Stroud","South West",683,664,"0"
0,0,0,0,0,0,0,0,0,0,0,0,0,0,0,0,0,0,0,0,0,0,0,0,0,0,0,0,0,1,0,0,0,0,0,0,0,4493,"2019-01","Richard Burgon","M","Labour","Leeds East","Yorkshire and The Humber",604,632,"0"
0,0,0,0,0,0,0,1,0,0,0,0,0,0,0,0,0,0,0,0,0,0,0,0,0,0,0,0,0,0,0,0,0,0,0,0,0,534,"2019-01","Chris Ruane","M","Labour","Vale of Clwyd","Wales",557,636,"0"
0,0,0,0,0,0,0,0,0,0,0,0,0,0,0,0,0,0,0,0,0,0,0,0,0,0,0,0,0,1,0,0,0,0,0,0,0,4493,"2019-01","Richard Burgon","M","Labour","Leeds East","Yorkshire and The Humber",604,632,"0"
1,0,1,0,0,0,0,0,0,0,0,0,0,0,0,0,0,0,0,0,0,0,0,0,0,0,0,0,0,0,0,0,0,0,0,0,0,163,"2019-01","Sir Stephen Timms","M","Labour","East Ham","London",698,796,"0"
2,0,0,1,0,0,0,0,0,0,0,0,0,0,0,0,0,0,0,0,0,0,0,0,0,0,0,0,0,0,0,0,0,0,0,0,0,4657,"2019-01","Anneliese Dodds","F","Labour (Co-op)","Oxford East","South East",714,724,"0"
1,0,0,0,0,0,0,0,0,0,0,0,0,0,0,0,0,0,0,0,0,0,0,0,0,0,0,0,0,0,0,0,0,0,0,0,0,4056,"2019-01","Nic Dakin","M","Labour","Scunthorpe","Yorkshire and The Humber",609,632,"0"
1,0,0,0,0,0,0,0,0,0,0,0,0,0,0,0,0,0,0,0,0,0,0,0,0,0,0,0,0,0,0,0,0,0,0,0,0,4365,"2019-01","Neil Gray","M","Scottish National Party","Airdrie and Shotts","Scotland",705,702,"0"
0,0,0,0,0,0,0,0,0,0,0,0,0,0,0,0,0,0,0,0,0,0,0,0,0,0,0,1,0,0,0,0,0,0,0,0,0,1597,"2019-01","David Simpson","M","Democratic Unionist Party","Upper Bann","Northern Ireland",630,643,"0"
0,0,0,0,0,0,0,0,0,0,0,0,1,0,0,0,0,0,0,0,0,0,0,0,0,0,0,0,0,0,0,0,0,0,0,0,0,4657,"2019-01","Anneliese Dodds","F","Labour (Co-op)","Oxford East","South East",714,724,"0"
1,0,0,0,0,0,0,0,0,0,0,0,0,0,0,0,0,0,0,0,0,0,0,0,0,0,0,0,0,0,0,0,0,0,0,0,0,1538,"2019-01","Rosie Cooper","F","Labour","West Lancashire","North West",657,649,"0"
1,0,0,0,0,0,0,0,0,0,0,0,0,0,0,0,0,0,0,0,0,0,0,0,0,0,0,0,0,0,0,0,0,0,0,0,0,1538,"2019-01","Rosie Cooper","F","Labour","West Lancashire","North West",657,649,"0"
2,0,0,1,0,0,0,0,0,0,0,0,0,0,0,0,0,0,0,0,0,0,0,0,0,0,0,0,0,0,0,0,0,0,0,0,0,4657,"2019-01","Anneliese Dodds","F","Labour (Co-op)","Oxford East","South East",714,724,"0"
0,0,0,0,0,0,0,0,0,0,0,0,1,0,0,0,0,0,0,0,0,0,0,0,0,0,0,0,0,0,0,0,0,0,0,0,0,2134,"2019-02","Lord Russell of Liverpool","M","Crossbench","Excepted Hereditary",NA,NA,NA,"0"
0,0,0,0,0,0,0,0,0,0,0,0,0,0,0,0,0,0,0,0,0,0,0,0,0,0,0,1,0,0,0,0,0,0,0,0,0,248,"2019-01","Lord Jones of Cheltenham","M","Liberal Democrat","Life peer",NA,NA,NA,"0"
1,0,0,0,0,0,0,0,0,0,0,0,0,0,0,0,0,0,0,0,0,0,0,0,0,0,0,0,0,0,0,0,0,0,0,0,0,4658,"2019-02","Alex Sobel","M","Labour (Co-op)","Leeds North West","Yorkshire and The Humber",737,632,"0"
0,0,0,0,0,0,0,0,0,0,0,0,0,0,0,0,0,0,0,0,0,0,0,0,0,0,0,1,0,0,0,0,0,0,0,0,0,3391,"2019-02","The Earl of Clancarty","M","Crossbench","Excepted Hereditary",NA,NA,NA,"0"
0,0,0,0,0,0,0,0,0,0,1,0,0,0,0,0,0,0,0,0,0,0,0,0,0,0,0,0,0,0,0,0,0,0,0,0,0,3391,"2019-02","The Earl of Clancarty","M","Crossbench","Excepted Hereditary",NA,NA,NA,"0"
0,0,0,0,0,0,0,0,0,0,0,0,0,0,0,0,0,1,0,0,0,0,0,0,0,0,0,0,0,0,0,0,0,0,0,0,0,4284,"2019-01","Baroness Neville-Rolfe","F","Conservative","Life peer",NA,NA,NA,"0"
0,0,0,0,0,0,0,0,0,0,0,0,0,0,0,0,0,0,0,0,0,0,0,0,0,0,0,0,0,0,1,0,0,0,0,0,0,518,"2019-01","Baroness Quin","F","Labour","Life peer",NA,NA,NA,"0"
0,0,0,0,0,0,0,0,0,0,0,0,0,0,0,0,0,1,0,0,0,0,0,0,0,0,0,0,0,0,0,0,0,0,0,0,0,2569,"2019-01","Lord Greaves","M","Liberal Democrat","Life peer",NA,NA,NA,"0"
0,0,0,0,0,0,0,0,0,0,0,0,1,0,0,0,0,0,0,0,0,0,0,0,0,0,0,0,0,0,0,0,0,0,0,0,0,513,"2019-01","Lord Beith","M","Liberal Democrat","Life peer",NA,NA,NA,"0"
0,0,0,0,0,0,0,0,0,0,0,0,0,0,0,0,0,0,0,0,0,0,0,0,0,0,0,0,0,0,1,0,0,0,0,0,0,3504,"2019-01","Lord Bassam of Brighton","M","Labour","Life peer",NA,NA,NA,"0"
0,0,0,0,0,0,0,0,0,0,0,0,0,0,0,0,0,0,0,0,0,0,0,0,0,0,0,1,0,0,0,0,0,0,0,0,0,1796,"2019-01","Lord Taylor of Warwick","M","Non-affiliated","Life peer",NA,NA,NA,"0"
0,0,0,0,0,0,0,0,0,0,0,0,0,0,0,0,0,0,0,0,0,0,0,0,0,0,0,1,0,0,1,0,0,0,0,0,0,1796,"2019-01","Lord Taylor of Warwick","M","Non-affiliated","Life peer",NA,NA,NA,"0"
0,0,0,0,1,0,0,0,0,0,0,0,0,0,0,0,0,0,0,0,0,0,0,0,0,0,0,1,0,0,0,0,0,0,0,0,0,1744,"2019-01","Viscount Waverley","M","Crossbench","Excepted Hereditary",NA,NA,NA,"0"
0,0,0,1,0,0,0,0,0,0,0,0,0,0,0,0,0,0,0,0,0,0,0,0,0,0,0,0,0,0,0,0,0,0,0,0,0,1744,"2019-01","Viscount Waverley","M","Crossbench","Excepted Hereditary",NA,NA,NA,"0"
0,0,0,0,0,0,0,0,0,0,0,0,0,0,0,0,0,0,0,0,0,0,0,0,0,0,0,0,0,0,1,0,0,0,0,0,0,2509,"2019-01","Lord Smith of Leigh","M","Labour","Life peer",NA,NA,NA,"0"
0,0,0,0,0,0,0,0,0,0,0,0,0,0,0,0,0,0,0,0,0,0,0,0,1,0,1,0,0,0,0,0,0,0,0,0,0,2509,"2019-01","Lord Smith of Leigh","M","Labour","Life peer",NA,NA,NA,"0"
0,0,0,0,0,0,0,0,0,0,0,0,0,0,0,0,0,0,0,0,0,0,0,0,0,0,0,0,0,0,1,0,0,0,0,0,0,4159,"2019-02","Baroness Hayter of Kentish Town","F","Labour","Life peer",NA,NA,NA,"0"
1,0,0,0,0,0,0,0,0,0,0,0,0,1,0,0,0,0,0,0,0,0,0,0,0,0,0,0,0,0,0,0,0,0,0,0,0,4153,"2019-01","Lord Kennedy of Southwark","M","Labour","Life peer",NA,NA,NA,"0"
0,0,0,0,0,0,0,0,0,0,0,0,1,0,0,0,0,0,0,0,0,0,0,0,0,0,0,0,0,0,0,0,0,0,0,0,0,4167,"2019-01","Baroness Benjamin","F","Liberal Democrat","Life peer",NA,NA,NA,"0"
0,0,0,0,0,0,0,0,0,0,0,0,1,0,0,0,0,0,0,0,0,0,0,0,0,0,0,0,0,0,0,0,0,0,0,0,0,4167,"2019-01","Baroness Benjamin","F","Liberal Democrat","Life peer",NA,NA,NA,"0"
0,0,0,0,0,0,0,0,0,0,0,0,0,0,0,0,0,0,0,0,0,0,0,0,0,0,0,0,1,0,0,0,0,0,0,0,0,3971,"2019-02","Charlie Elphicke","M","Independent","Dover","South East",691,724,"0"
1,0,0,0,0,0,0,0,0,0,0,0,0,0,0,0,0,0,0,0,0,0,0,0,0,0,0,0,0,0,0,0,0,0,0,0,0,4662,"2019-02","Ruth George","F","Labour","High Peak","East Midlands",646,640,"0"
0,0,0,0,0,0,0,0,0,0,0,0,0,0,0,0,0,0,0,0,0,0,0,0,0,0,0,0,0,0,0,1,0,0,0,0,0,473,"2019-02","Sir Mark Hendrick","M","Labour (Co-op)","Preston","North West",565,649,"0"
0,0,0,0,0,0,0,0,0,1,0,0,0,0,0,0,0,0,0,0,0,0,0,0,0,0,0,0,0,0,0,0,0,0,0,0,0,4473,"2019-02","Louise Haigh","F","Labour","Sheffield, Heeley","Yorkshire and The Humber",652,632,"0"
0,0,0,0,0,0,0,0,0,0,0,0,0,0,0,0,0,0,0,0,0,0,0,0,0,0,1,0,0,1,0,0,0,0,0,0,0,410,"2019-03","Jon Trickett","M","Labour","Hemsworth","Yorkshire and The Humber",608,632,"0"
0,0,0,0,0,0,0,0,0,0,0,0,0,0,0,0,0,0,0,0,0,0,0,0,0,0,0,1,0,0,0,0,0,0,0,0,0,146,"2019-02","Barry Gardiner","M","Labour","Brent North","London",733,796,"0"
1,0,0,0,0,0,0,0,0,0,0,0,0,0,0,0,0,0,0,0,0,0,0,0,0,0,0,0,0,0,0,0,0,0,0,0,0,478,"2019-02","Lord Field of Birkenhead","M","Crossbench","Life peer",NA,NA,NA,"0"
1,0,0,0,0,0,0,0,0,0,0,0,0,0,0,0,0,0,0,0,0,0,0,0,0,0,0,0,0,0,0,0,0,0,0,0,0,478,"2019-02","Lord Field of Birkenhead","M","Crossbench","Life peer",NA,NA,NA,"0"
0,0,0,0,0,0,0,0,0,0,0,0,0,0,0,0,0,1,0,0,0,0,0,0,0,0,0,0,0,1,0,0,0,0,0,0,0,4397,"2019-02","Peter Dowd","M","Labour","Bootle","North West",622,649,"0"
0,0,1,0,0,0,0,0,0,0,0,0,0,0,0,0,0,0,0,0,0,0,0,0,0,0,0,0,0,0,0,0,0,0,0,0,0,3785,"2019-02","Baroness Thomas of Winchester","F","Liberal Democrat","Life peer",NA,NA,NA,"0"
0,0,0,0,0,0,0,0,0,0,0,0,0,0,0,0,0,0,0,0,0,0,1,0,0,0,0,0,0,0,0,0,0,0,0,0,0,248,"2019-03","Lord Jones of Cheltenham","M","Liberal Democrat","Life peer",NA,NA,NA,"0"
0,0,0,0,0,0,0,0,0,0,0,1,0,0,0,0,0,0,0,0,0,0,0,0,0,0,0,0,0,0,0,0,0,0,0,0,0,4197,"2019-03","Baroness Doocey","F","Liberal Democrat","Life peer",NA,NA,NA,"0"
0,0,0,0,1,0,0,0,0,0,0,0,0,0,0,0,0,0,0,0,0,0,1,0,0,0,0,0,0,0,0,0,0,0,0,0,0,4197,"2019-03","Baroness Doocey","F","Liberal Democrat","Life peer",NA,NA,NA,"0"
0,0,1,0,0,0,0,0,0,0,0,0,0,0,0,0,0,0,0,0,0,0,0,0,0,0,0,0,0,0,0,0,0,0,0,0,0,3343,"2019-02","Baroness Byford","F","Conservative","Life peer",NA,NA,NA,"0"
0,0,0,0,0,0,0,0,0,0,0,0,0,0,0,0,0,0,0,0,0,0,0,0,0,0,0,1,0,0,1,0,0,0,0,0,0,1796,"2019-02","Lord Taylor of Warwick","M","Non-affiliated","Life peer",NA,NA,NA,"0"
0,0,0,0,0,0,0,0,0,0,0,0,0,0,0,0,0,0,0,0,0,0,0,0,0,0,0,0,0,0,1,0,0,0,0,0,0,4704,"2019-02","Baroness Boycott","F","Crossbench","Life peer",NA,NA,NA,"0"
0,0,0,1,0,0,0,0,0,0,0,0,0,0,0,0,0,0,0,0,0,0,0,0,0,0,0,0,0,0,0,0,0,0,0,0,0,4704,"2019-02","Baroness Boycott","F","Crossbench","Life peer",NA,NA,NA,"0"
0,0,0,0,0,0,0,0,0,0,0,0,1,0,0,0,0,0,0,0,0,0,0,0,0,0,0,0,0,0,0,0,0,0,0,0,0,621,"2019-02","Lord Moonie","M","Non-affiliated","Life peer",NA,NA,NA,"0"
1,0,2,0,0,0,0,0,0,0,0,0,0,0,0,0,0,0,0,0,0,0,0,0,0,0,0,0,0,0,0,0,0,0,0,0,0,2018,"2019-02","Lord Hylton","M","Crossbench","Excepted Hereditary",NA,NA,NA,"0"
0,0,0,0,0,0,0,0,0,0,0,0,0,0,1,0,0,0,0,0,0,0,0,0,0,0,0,0,0,0,0,0,0,0,0,0,0,1506,"2019-02","Andrew Gwynne","M","Labour","Denton and Reddish","North West",629,649,"0"
0,0,0,0,0,0,0,0,0,0,0,0,0,0,1,0,0,0,0,0,0,0,0,0,0,0,0,0,0,0,0,0,0,0,0,0,0,4192,"2019-02","Lord Dobbs","M","Conservative","Life peer",NA,NA,NA,"0"
0,0,0,0,0,0,0,0,0,0,0,0,0,0,0,0,0,0,0,0,0,1,0,0,0,0,0,0,0,0,0,0,0,0,0,0,0,248,"2019-02","Lord Jones of Cheltenham","M","Liberal Democrat","Life peer",NA,NA,NA,"0"
0,0,0,0,0,0,0,0,0,0,1,0,0,0,0,0,0,0,0,0,0,0,0,0,0,0,0,0,0,0,0,0,0,0,0,0,0,1796,"2019-02","Lord Taylor of Warwick","M","Non-affiliated","Life peer",NA,NA,NA,"0"
0,0,0,0,0,0,0,0,0,1,0,0,0,0,0,0,0,0,0,0,0,0,0,0,0,0,0,0,0,0,0,0,0,0,0,0,0,579,"2019-02","Lord Foulkes of Cumnock","M","Labour","Life peer",NA,NA,NA,"0"
0,0,0,0,1,0,0,0,0,0,0,0,2,0,0,0,0,1,0,0,0,0,0,0,0,0,0,0,0,0,0,0,0,0,0,0,0,4687,"2019-02","Lord Vaux of Harrowden","M","Crossbench","Excepted Hereditary",NA,NA,NA,"0"
2,0,0,0,0,0,0,0,0,0,0,0,0,0,0,0,0,1,0,0,0,0,0,1,1,0,0,0,0,0,0,0,0,0,0,0,0,163,"2019-03","Sir Stephen Timms","M","Labour","East Ham","London",698,796,"0"
1,0,1,0,0,0,0,0,0,0,0,0,0,0,0,0,0,0,0,0,0,0,0,0,0,0,0,0,0,0,0,0,0,0,0,0,0,1397,"2019-03","Hywel Williams","M","Plaid Cymru","Arfon","Wales",614,636,"0"
0,0,0,0,0,0,0,0,0,1,0,0,1,0,0,0,0,0,0,0,0,0,0,0,0,0,0,0,0,0,0,0,0,0,0,0,0,4656,"2019-03","Layla Moran","F","Liberal Democrat","Oxford West and Abingdon","South East",710,724,"1"
1,0,0,0,0,0,0,0,0,0,0,0,0,0,0,0,0,0,0,0,0,0,0,1,0,0,0,0,0,0,0,0,0,0,0,0,0,163,"2019-03","Sir Stephen Timms","M","Labour","East Ham","London",698,796,"0"
0,0,0,0,0,0,0,0,0,0,0,0,1,0,0,0,0,0,0,0,0,0,0,0,0,0,0,0,0,0,0,0,0,0,0,0,0,4424,"2019-03","John McNally","M","Scottish National Party","Falkirk","Scotland",668,702,"0"
0,0,0,0,0,0,0,0,0,0,0,0,0,0,0,0,0,0,1,0,0,0,0,0,0,0,0,0,0,0,0,0,0,0,0,0,0,670,"2019-04","Lord Goodlad","M","Conservative","Life peer",NA,NA,NA,"0"
0,0,0,0,0,0,0,0,0,0,0,0,0,0,0,0,0,0,0,0,0,0,0,0,0,0,0,0,0,0,1,0,0,0,0,0,0,1796,"2019-04","Lord Taylor of Warwick","M","Non-affiliated","Life peer",NA,NA,NA,"0"
0,0,0,0,0,0,0,0,0,0,0,0,0,0,0,0,0,0,0,0,0,0,0,0,0,0,0,0,0,0,1,0,0,0,0,0,0,1796,"2019-04","Lord Taylor of Warwick","M","Non-affiliated","Life peer",NA,NA,NA,"0"
0,0,0,0,0,0,0,0,0,1,0,0,0,0,0,0,0,0,0,0,0,0,0,0,0,0,0,0,0,0,1,0,1,0,0,0,0,1796,"2019-04","Lord Taylor of Warwick","M","Non-affiliated","Life peer",NA,NA,NA,"0"
0,0,0,0,0,0,0,0,0,1,0,0,0,0,0,0,0,0,0,0,0,0,0,0,0,0,0,0,0,0,0,0,0,0,0,0,0,3924,"2019-03","Yasmin Qureshi","F","Labour","Bolton South East","North West",582,649,"1"
0,0,0,0,0,0,0,0,0,0,0,0,1,0,0,0,0,0,0,0,0,0,0,0,0,0,0,0,0,0,0,0,0,0,0,0,0,3924,"2019-04","Yasmin Qureshi","F","Labour","Bolton South East","North West",582,649,"1"
0,0,0,0,0,0,0,0,0,0,0,0,0,0,0,0,0,0,0,0,0,1,0,0,0,0,0,0,0,0,0,0,0,0,0,0,0,3834,"2019-03","Lord West of Spithead","M","Labour","Life peer",NA,NA,NA,"0"
0,0,0,1,0,0,0,0,0,0,0,0,0,0,0,0,0,0,0,0,0,0,0,0,0,0,0,0,0,0,0,0,0,0,0,0,0,200,"2019-04","Baroness Tonge","F","Non-affiliated","Life peer",NA,NA,NA,"0"
0,0,0,0,0,0,0,0,0,0,0,0,1,0,0,0,0,0,0,0,0,0,0,0,0,0,0,0,0,0,0,0,0,0,0,0,0,4547,"2019-04","Lord Polak","M","Conservative","Life peer",NA,NA,NA,"0"
0,0,0,0,0,0,0,0,0,0,0,0,0,0,0,0,0,1,0,0,0,0,0,0,0,0,0,0,0,0,0,0,0,0,0,0,0,1241,"2019-03","Lord Watson of Invergowrie","M","Labour","Life peer",NA,NA,NA,"0"
0,0,0,0,0,0,0,0,0,0,0,0,0,0,0,0,0,0,0,0,0,0,0,0,0,0,1,0,0,0,0,0,0,0,0,0,0,1241,"2019-03","Lord Watson of Invergowrie","M","Labour","Life peer",NA,NA,NA,"0"
0,0,0,0,0,0,0,0,0,0,0,0,0,0,0,0,0,0,0,0,0,0,0,0,0,0,0,1,0,0,0,0,0,0,0,0,0,248,"2019-03","Lord Jones of Cheltenham","M","Liberal Democrat","Life peer",NA,NA,NA,"0"
0,0,0,0,0,0,0,0,0,0,0,0,0,0,0,0,0,0,0,0,0,0,0,0,0,0,0,1,0,0,0,0,0,0,0,0,0,248,"2019-03","Lord Jones of Cheltenham","M","Liberal Democrat","Life peer",NA,NA,NA,"0"
0,0,0,0,0,0,0,0,0,0,0,0,0,0,0,0,0,0,0,0,0,0,0,0,0,0,0,0,0,1,0,0,0,0,0,0,0,1447,"2019-04","Andrew Rosindell","M","Conservative","Romford","London",748,796,"0"
0,0,0,0,0,0,0,0,0,0,0,0,0,0,0,0,0,0,0,0,0,0,0,0,0,0,0,0,0,1,0,0,0,0,0,0,0,534,"2019-04","Chris Ruane","M","Labour","Vale of Clwyd","Wales",557,636,"0"
0,0,0,0,0,0,0,0,0,0,0,0,0,0,0,0,0,0,0,0,0,0,0,0,0,0,0,1,0,0,0,0,0,0,0,0,0,534,"2019-05","Chris Ruane","M","Labour","Vale of Clwyd","Wales",557,636,"0"
0,0,0,0,0,0,0,0,0,1,0,0,0,0,0,1,0,0,0,0,0,0,0,0,0,0,0,0,0,0,0,0,0,0,0,0,0,3526,"2019-05","Lord Berkeley","M","Labour","Life peer",NA,NA,NA,"0"
0,0,0,0,0,0,0,0,0,1,0,0,0,0,0,1,0,0,0,0,0,0,0,0,0,0,0,0,0,0,0,0,0,0,0,0,0,3526,"2019-05","Lord Berkeley","M","Labour","Life peer",NA,NA,NA,"0"
0,0,0,0,0,0,0,0,0,0,0,0,0,0,0,0,0,1,0,0,0,0,0,0,0,0,0,0,0,0,0,0,0,0,0,0,0,2018,"2019-05","Lord Hylton","M","Crossbench","Excepted Hereditary",NA,NA,NA,"0"
0,0,0,1,0,0,0,0,0,0,0,0,0,0,0,0,0,0,0,0,0,0,0,0,0,0,0,0,0,0,0,0,0,0,0,0,0,2018,"2019-05","Lord Hylton","M","Crossbench","Excepted Hereditary",NA,NA,NA,"0"
0,0,0,0,0,0,0,0,0,0,0,0,0,0,0,0,0,0,0,0,0,0,0,0,0,0,0,0,0,0,1,0,0,0,0,0,0,1796,"2019-05","Lord Taylor of Warwick","M","Non-affiliated","Life peer",NA,NA,NA,"0"
0,0,0,0,0,0,0,0,0,0,0,0,0,0,0,0,0,0,0,0,0,0,1,0,0,0,0,0,0,0,0,0,0,0,0,0,0,4671,"2019-04","Afzal Khan","M","Labour","Manchester, Gorton","North West",639,649,"1"
0,0,0,0,0,0,0,0,0,0,0,0,1,0,0,0,0,0,0,0,0,0,0,0,0,0,0,0,0,0,0,0,0,0,0,0,0,200,"2019-04","Baroness Tonge","F","Non-affiliated","Life peer",NA,NA,NA,"0"
0,0,0,0,0,0,0,0,0,0,0,0,1,0,0,0,0,0,0,0,0,0,0,0,0,0,0,0,0,0,0,0,0,0,0,0,0,117,"2019-05","Sir Peter Bottomley","M","Conservative","Worthing West","South East",628,724,"0"
0,0,0,0,0,0,0,0,0,0,0,0,0,0,1,0,0,0,0,0,0,0,0,0,0,1,0,0,0,0,0,0,0,0,0,0,0,1854,"2019-04","Lord Marlesford","M","Conservative","Life peer",NA,NA,NA,"0"
0,0,0,0,0,0,0,0,0,0,0,0,0,0,0,0,0,0,0,0,0,0,0,0,1,0,0,0,0,0,0,0,0,0,0,0,0,1447,"2019-05","Andrew Rosindell","M","Conservative","Romford","London",748,796,"0"
0,0,0,0,0,0,0,0,0,0,0,0,0,0,0,0,0,0,0,0,0,0,0,0,1,0,0,0,0,0,0,0,0,0,0,0,0,1447,"2019-05","Andrew Rosindell","M","Conservative","Romford","London",748,796,"0"
0,0,0,0,0,0,0,0,0,0,0,0,0,0,0,1,0,0,0,0,0,0,0,0,0,0,0,0,0,0,0,0,0,0,0,0,0,4093,"2019-04","Stephen McPartland","M","Conservative","Stevenage","East of England",671,706,"0"
0,0,1,0,0,0,0,0,0,0,0,0,0,0,0,0,0,0,0,0,0,0,0,0,0,0,0,0,0,0,0,0,0,0,0,0,0,4657,"2019-04","Anneliese Dodds","F","Labour (Co-op)","Oxford East","South East",714,724,"0"
0,0,0,0,1,0,0,0,0,0,0,0,0,0,0,0,0,0,0,0,0,0,0,0,0,0,0,0,0,0,0,0,0,0,0,0,0,1521,"2019-04","Mrs Sharon Hodgson","F","Labour","Washington and Sunderland West","North East",597,614,"0"
2,0,0,0,0,0,0,0,0,0,0,0,0,0,0,0,0,0,0,0,0,0,0,0,0,0,1,0,0,0,0,0,0,0,0,0,0,298,"2019-05","Steve McCabe","M","Labour","Birmingham, Selly Oak","West Midlands",665,652,"0"
0,0,0,0,0,0,0,0,0,0,0,0,0,0,0,0,0,0,0,0,0,0,0,0,0,0,0,1,0,0,0,0,0,0,0,0,0,534,"2019-05","Chris Ruane","M","Labour","Vale of Clwyd","Wales",557,636,"0"
0,0,0,0,0,0,0,0,1,0,0,0,0,0,0,0,0,0,0,0,0,0,0,0,0,0,0,0,0,0,0,0,0,0,0,0,0,3915,"2019-05","Gloria De Piero","F","Labour","Ashfield","East Midlands",588,640,"0"
0,0,0,0,0,0,0,0,1,0,0,0,0,0,0,0,0,0,0,0,0,0,0,0,0,0,0,0,0,0,0,0,0,0,0,0,0,3915,"2019-05","Gloria De Piero","F","Labour","Ashfield","East Midlands",588,640,"0"
0,0,0,0,0,0,0,0,0,1,0,0,0,0,0,0,0,0,0,0,0,0,0,0,0,0,0,0,0,0,0,0,0,0,0,0,0,1447,"2019-05","Andrew Rosindell","M","Conservative","Romford","London",748,796,"0"
1,0,0,0,0,0,0,0,0,0,0,0,0,0,0,0,0,0,0,0,0,0,0,0,0,0,0,0,0,0,0,0,0,0,0,0,0,4676,"2019-05","Marsha De Cordova","F","Labour","Battersea","London",909,796,"0"
1,0,0,0,0,0,0,0,0,0,0,0,0,0,0,0,0,0,0,0,0,0,0,0,0,0,0,0,0,0,0,0,0,0,0,0,0,4469,"2019-05","Angela Crawley","F","Scottish National Party","Lanark and Hamilton East","Scotland",752,702,"0"
0,0,0,0,0,0,0,0,0,1,0,0,0,0,0,0,0,0,0,0,0,0,0,0,0,0,0,0,0,0,0,0,0,0,0,0,0,534,"2019-05","Chris Ruane","M","Labour","Vale of Clwyd","Wales",557,636,"0"
1,0,0,0,0,0,0,0,0,1,0,0,0,0,0,0,0,0,0,0,0,0,0,0,0,0,0,0,0,0,0,0,0,0,0,0,0,155,"2019-05","Geraint Davies","M","Independent","Swansea West","Wales",662,636,"0"
0,0,0,0,0,0,0,0,0,0,0,0,0,0,0,0,0,0,0,0,0,0,1,0,0,0,1,0,0,0,0,0,0,0,0,0,0,3930,"2019-05","Caroline Lucas","F","Green Party","Brighton, Pavilion","South East",670,724,"0"
0,0,0,0,0,0,0,0,0,0,1,0,0,0,0,0,0,0,0,0,0,0,0,0,0,0,0,1,0,0,0,0,0,0,0,0,0,1528,"2019-05","Sir Mike Penning","M","Conservative","Hemel Hempstead","East of England",722,706,"0"
0,0,0,0,0,0,0,0,0,0,0,0,0,0,0,1,0,0,0,0,0,0,0,0,0,0,0,0,0,0,0,0,0,0,0,0,0,1438,"2019-05","Mr Kevan Jones","M","Labour","North Durham","North East",593,614,"0"
1,0,1,0,0,0,0,0,0,0,0,0,0,0,0,0,0,0,0,0,0,0,0,0,0,0,0,0,0,0,0,0,0,0,0,0,0,4469,"2019-05","Angela Crawley","F","Scottish National Party","Lanark and Hamilton East","Scotland",752,702,"0"
0,0,1,0,0,0,0,0,0,0,0,0,0,0,0,0,0,0,0,0,0,0,0,0,0,0,0,0,0,0,0,0,0,0,0,0,0,4627,"2019-05","Douglas Ross","M","Conservative","Moray","Scotland",647,702,"0"
0,0,0,0,0,0,0,0,0,1,0,0,0,0,0,0,0,0,0,0,0,0,0,0,0,0,0,0,0,0,0,0,0,0,0,0,0,4679,"2019-05","Neil O'Brien","M","Conservative","Harborough","East Midlands",695,640,"0"
0,0,1,0,0,0,0,0,0,0,0,0,0,0,0,0,0,0,0,0,0,0,0,0,0,0,0,0,0,0,0,0,0,0,0,0,0,1490,"2019-05","Mrs Madeleine Moon","F","Labour","Bridgend","Wales",670,636,"0"
1,0,0,0,0,0,0,0,0,0,0,0,0,0,0,0,0,0,0,0,0,0,0,0,0,0,0,0,0,1,0,0,0,0,0,0,0,4662,"2019-05","Ruth George","F","Labour","High Peak","East Midlands",646,640,"0"
1,0,0,0,0,0,0,0,0,0,0,0,0,0,0,0,0,0,0,0,0,0,0,0,0,0,0,0,0,0,0,0,0,0,0,0,0,4469,"2019-05","Angela Crawley","F","Scottish National Party","Lanark and Hamilton East","Scotland",752,702,"0"
0,0,0,0,0,0,0,0,0,0,0,0,0,0,0,0,0,0,0,0,0,0,0,0,0,0,1,0,0,0,0,0,0,0,0,0,0,1489,"2019-06","Dawn Butler","F","Labour","Brent Central","London",688,796,"1"
0,0,0,0,0,0,0,0,0,0,0,0,0,0,0,0,0,0,0,0,0,0,0,0,0,0,1,0,0,0,0,0,0,0,0,0,0,1489,"2019-06","Dawn Butler","F","Labour","Brent Central","London",688,796,"1"
0,0,0,0,0,0,0,0,0,0,0,0,0,0,0,0,0,0,0,0,0,0,0,0,0,0,1,0,0,0,0,0,0,0,0,0,0,1489,"2019-06","Dawn Butler","F","Labour","Brent Central","London",688,796,"1"
0,0,0,0,0,0,0,0,0,1,0,0,0,0,0,0,0,0,0,0,0,0,0,0,0,0,0,1,0,0,0,0,0,0,0,0,0,4434,"2019-06","Stephen Gethins","M","Scottish National Party","North East Fife","Scotland",687,702,"0"
0,0,0,0,0,0,0,0,0,0,0,0,0,0,0,0,0,0,0,0,0,0,0,1,0,0,0,0,0,0,0,0,0,0,0,0,0,4533,"2019-07","Baroness Altmann","F","Conservative","Life peer",NA,NA,NA,"0"
0,0,0,0,0,0,0,0,0,0,0,0,0,0,0,0,0,1,0,0,0,0,0,0,0,0,0,0,0,1,0,0,0,0,0,0,0,4533,"2019-07","Baroness Altmann","F","Conservative","Life peer",NA,NA,NA,"0"
1,0,0,0,0,0,0,0,0,0,0,0,0,0,0,0,0,0,0,0,0,0,0,0,1,0,0,0,0,0,0,0,0,0,0,0,0,579,"2019-07","Lord Foulkes of Cumnock","M","Labour","Life peer",NA,NA,NA,"0"
0,0,0,0,1,0,0,0,0,0,0,0,0,0,0,0,0,0,0,0,0,0,0,0,0,0,0,0,0,0,0,0,0,0,0,0,0,200,"2019-07","Baroness Tonge","F","Non-affiliated","Life peer",NA,NA,NA,"0"
0,0,0,1,0,0,0,1,0,0,0,0,0,0,0,0,0,0,0,0,0,0,0,0,0,0,0,0,0,0,0,0,0,0,0,0,0,200,"2019-07","Baroness Tonge","F","Non-affiliated","Life peer",NA,NA,NA,"0"
0,0,0,0,0,0,0,0,0,1,0,0,0,0,0,0,0,0,0,0,0,0,0,0,0,0,0,0,0,0,0,0,0,0,0,0,0,2018,"2019-07","Lord Hylton","M","Crossbench","Excepted Hereditary",NA,NA,NA,"0"
0,0,0,0,0,0,0,0,0,0,0,0,0,0,0,0,0,0,0,0,0,0,0,0,0,1,0,0,0,0,0,0,0,0,0,0,0,4216,"2019-07","Lord Empey","M","Ulster Unionist Party","Life peer",NA,NA,NA,"0"
0,0,0,0,0,0,0,0,0,0,0,0,0,0,0,1,0,0,0,0,0,0,0,0,0,0,0,0,0,0,0,0,0,0,0,0,0,4571,"2019-06","Gill Furniss","F","Labour","Sheffield, Brightside and Hillsborough","Yorkshire and The Humber",564,632,"0"
1,0,0,0,0,0,0,0,0,0,0,0,0,0,0,0,0,0,0,0,0,0,0,0,1,0,0,0,0,0,0,0,0,0,0,0,0,4203,"2019-07","Baroness Jolly","F","Liberal Democrat","Life peer",NA,NA,NA,"0"
0,0,1,0,0,0,0,0,0,0,0,0,0,0,0,0,0,0,0,0,0,0,0,0,0,0,0,0,0,0,0,0,0,0,0,0,0,567,"2019-07","Lord Hain","M","Labour","Life peer",NA,NA,NA,"0"
0,0,0,0,0,0,0,0,0,2,0,0,0,0,0,1,0,0,0,0,0,0,0,0,0,0,0,0,0,0,0,0,0,0,0,0,0,993,"2019-06","Lord Howell of Guildford","M","Conservative","Life peer",NA,NA,NA,"0"
1,0,0,0,0,0,0,0,0,0,0,0,0,0,0,0,0,0,0,0,0,0,0,0,1,0,0,0,0,0,0,0,0,0,0,0,0,4203,"2019-06","Baroness Jolly","F","Liberal Democrat","Life peer",NA,NA,NA,"0"
0,0,0,0,0,0,0,0,0,0,0,0,0,0,0,0,0,0,0,0,0,0,0,0,0,0,0,0,0,0,1,0,0,0,0,0,0,1796,"2019-07","Lord Taylor of Warwick","M","Non-affiliated","Life peer",NA,NA,NA,"0"
0,0,0,0,1,0,0,0,1,0,0,0,0,0,0,0,0,0,0,0,0,0,0,0,0,0,0,0,0,0,0,0,0,0,0,0,0,214,"2019-07","Lord Foster of Bath","M","Liberal Democrat","Life peer",NA,NA,NA,"0"
0,0,0,0,0,0,0,0,0,0,0,0,0,0,0,0,0,0,0,0,0,0,1,0,0,0,1,0,0,0,0,0,0,0,0,0,0,151,"2019-07","Tom Brake","M","Liberal Democrat","Carshalton and Wallington","London",719,796,"0"
0,0,0,0,0,0,0,0,0,0,0,0,0,0,0,0,0,0,0,0,0,0,0,0,0,0,1,0,0,0,0,0,0,0,0,0,0,1436,"2019-07","Paul Farrelly","M","Labour","Newcastle-under-Lyme","West Midlands",618,652,"0"
0,0,0,0,0,0,0,0,0,0,0,0,1,0,0,0,0,0,0,0,0,0,0,0,0,0,0,0,0,0,0,0,0,0,0,0,0,4679,"2019-07","Neil O'Brien","M","Conservative","Harborough","East Midlands",695,640,"0"
0,1,0,0,0,0,0,0,0,0,0,0,0,0,0,0,0,0,0,1,0,0,0,0,0,0,0,0,0,0,0,0,0,0,0,0,0,534,"2019-07","Chris Ruane","M","Labour","Vale of Clwyd","Wales",557,636,"0"
0,0,0,0,0,0,0,0,0,1,0,0,0,0,0,0,0,0,0,0,0,0,0,0,0,0,0,0,0,0,0,0,0,1,0,0,0,534,"2019-07","Chris Ruane","M","Labour","Vale of Clwyd","Wales",557,636,"0"
0,0,0,0,0,0,0,0,0,1,0,0,0,0,0,0,0,0,0,0,0,0,0,0,0,0,0,0,0,0,0,0,0,0,0,0,0,534,"2019-07","Chris Ruane","M","Labour","Vale of Clwyd","Wales",557,636,"0"
0,0,0,0,0,0,0,0,0,0,0,0,0,0,0,0,0,0,0,0,0,0,0,0,0,0,0,0,0,0,1,0,0,0,0,0,0,151,"2019-07","Tom Brake","M","Liberal Democrat","Carshalton and Wallington","London",719,796,"0"
0,0,0,0,0,0,0,0,0,0,0,0,1,0,0,0,0,0,0,0,0,0,0,0,0,0,0,0,0,0,0,0,0,0,0,0,0,4627,"2019-07","Douglas Ross","M","Conservative","Moray","Scotland",647,702,"0"
0,0,0,0,0,0,0,0,0,0,0,0,0,0,0,0,0,0,0,0,0,0,0,0,0,0,0,0,0,0,1,0,0,0,0,0,0,151,"2019-07","Tom Brake","M","Liberal Democrat","Carshalton and Wallington","London",719,796,"0"
0,0,1,0,0,0,0,0,0,0,0,0,0,0,0,0,0,0,0,0,0,0,0,0,0,0,0,0,0,0,0,0,0,0,0,0,0,1171,"2019-07","Liam Byrne","M","Labour","Birmingham, Hodge Hill","West Midlands",539,652,"0"
0,0,0,0,0,0,0,0,0,0,0,0,0,0,0,1,0,0,0,0,0,0,0,0,0,0,0,0,0,0,0,0,0,0,1,0,0,4601,"2019-07","Andrew Bowie","M","Conservative","West Aberdeenshire and Kincardine","Scotland",792,702,"0"
0,0,0,0,0,0,0,0,0,0,0,0,0,0,0,0,0,0,0,0,0,1,0,0,0,0,0,0,0,0,0,0,0,0,0,0,0,4509,"2019-07","Craig Tracey","M","Conservative","North Warwickshire","West Midlands",633,652,"0"
1,0,0,0,0,0,0,0,0,0,0,0,0,0,0,0,0,0,0,0,0,0,0,0,0,0,0,0,0,0,0,0,0,0,0,0,0,298,"2019-07","Steve McCabe","M","Labour","Birmingham, Selly Oak","West Midlands",665,652,"0"
0,0,0,0,0,0,0,0,0,0,0,0,0,0,0,0,0,0,0,0,0,0,0,0,0,0,0,0,0,0,1,0,0,0,0,0,0,4128,"2019-07","Chuka Umunna","M","Liberal Democrat","Streatham","London",820,796,"1"
0,0,0,0,0,0,0,0,0,0,0,0,0,0,0,0,0,0,0,0,0,0,1,0,0,0,0,0,0,0,0,0,0,0,0,0,0,4470,"2019-09","Alan Brown","M","Scottish National Party","Kilmarnock and Loudoun","Scotland",709,702,"0"
0,0,0,0,0,0,0,0,0,0,0,0,0,0,0,0,0,0,0,0,0,0,1,0,0,0,0,0,0,0,0,0,0,0,0,0,0,4470,"2019-09","Alan Brown","M","Scottish National Party","Kilmarnock and Loudoun","Scotland",709,702,"0"
0,0,0,0,0,0,0,0,0,0,0,0,0,0,0,0,0,0,0,0,0,0,1,0,0,0,0,0,0,0,0,0,0,0,0,0,0,4470,"2019-09","Alan Brown","M","Scottish National Party","Kilmarnock and Loudoun","Scotland",709,702,"0"
0,0,0,0,0,0,0,0,0,0,0,0,0,0,0,0,0,0,0,0,0,0,1,0,0,0,0,0,0,0,0,0,0,0,0,0,0,4470,"2019-09","Alan Brown","M","Scottish National Party","Kilmarnock and Loudoun","Scotland",709,702,"0"
0,0,0,0,0,0,0,0,0,0,0,0,0,0,0,0,0,0,0,0,0,0,1,0,0,0,0,0,0,0,0,0,0,0,0,0,0,4470,"2019-09","Alan Brown","M","Scottish National Party","Kilmarnock and Loudoun","Scotland",709,702,"0"
0,0,0,0,0,0,0,0,0,0,0,0,0,0,0,0,0,0,0,0,0,0,1,0,0,0,0,0,0,0,0,0,0,0,0,0,0,4470,"2019-09","Alan Brown","M","Scottish National Party","Kilmarnock and Loudoun","Scotland",709,702,"0"
0,0,0,0,0,0,0,0,0,0,0,0,0,0,0,0,0,0,0,0,0,0,1,0,0,0,0,0,0,0,0,0,0,0,0,0,0,4470,"2019-09","Alan Brown","M","Scottish National Party","Kilmarnock and Loudoun","Scotland",709,702,"0"
0,0,0,0,1,0,0,0,0,0,0,0,0,0,0,1,0,0,0,0,0,0,0,0,0,0,0,0,0,0,0,0,0,0,0,0,0,4621,"2019-09","Darren Jones","M","Labour","Bristol North West","South West",678,664,"0"
0,0,0,0,0,0,0,0,0,0,0,0,0,0,0,1,0,0,0,0,0,0,0,0,0,0,0,0,0,0,0,0,0,0,0,0,0,252,"2019-09","Dr David Drew","M","Labour (Co-op)","Stroud","South West",683,664,"0"
0,0,0,0,0,0,0,0,0,0,0,0,0,0,0,1,0,0,0,0,0,0,0,0,0,0,0,0,0,0,0,0,0,0,0,0,0,1436,"2019-09","Paul Farrelly","M","Labour","Newcastle-under-Lyme","West Midlands",618,652,"0"
0,0,0,0,1,0,0,0,0,0,0,0,0,0,0,1,0,0,0,0,0,0,0,0,0,0,0,0,0,0,0,0,0,0,0,0,0,4058,"2019-09","Paul Blomfield","M","Labour","Sheffield Central","Yorkshire and The Humber",643,632,"0"
0,0,0,0,0,0,0,0,0,0,0,0,0,0,0,1,0,0,0,0,0,0,0,0,0,0,0,0,0,0,0,0,0,0,0,0,0,4058,"2019-09","Paul Blomfield","M","Labour","Sheffield Central","Yorkshire and The Humber",643,632,"0"
0,0,0,0,0,0,0,0,0,0,0,0,0,0,0,1,0,0,0,0,0,0,0,0,0,0,0,0,0,0,0,0,0,0,0,0,0,4046,"2019-09","Bridget Phillipson","F","Labour","Houghton and Sunderland South","North East",574,614,"0"
0,0,0,0,0,0,0,0,0,0,0,0,0,0,0,0,0,0,0,0,0,0,0,0,0,0,0,0,0,0,1,0,0,0,0,0,0,4656,"2019-10","Layla Moran","F","Liberal Democrat","Oxford West and Abingdon","South East",710,724,"1"
0,0,0,0,0,0,0,0,0,0,0,0,0,0,0,1,0,0,0,0,0,0,0,0,0,0,0,0,0,0,0,0,0,0,0,0,0,534,"2019-09","Chris Ruane","M","Labour","Vale of Clwyd","Wales",557,636,"0"
0,0,0,0,2,0,0,0,0,0,0,0,0,0,0,1,0,0,0,0,0,0,0,0,0,0,0,0,0,0,0,0,0,0,0,0,0,483,"2019-09","Maria Eagle","F","Labour","Garston and Halewood","North West",728,649,"0"
0,0,0,0,0,0,0,0,0,0,0,0,0,0,0,1,0,0,0,0,0,0,0,0,0,0,0,0,0,0,0,0,0,0,0,0,0,4523,"2019-09","Catherine West","F","Labour","Hornsey and Wood Green","London",862,796,"0"
0,0,0,0,0,0,0,0,0,0,0,0,0,0,0,1,0,0,0,0,0,0,0,0,0,0,0,0,0,0,0,0,0,0,0,0,0,4056,"2019-09","Nic Dakin","M","Labour","Scunthorpe","Yorkshire and The Humber",609,632,"0"
0,0,0,0,0,0,0,0,0,0,0,0,0,0,0,1,0,0,0,0,0,0,0,0,0,0,0,0,0,0,0,0,0,0,0,0,0,177,"2019-10","Gareth Thomas","M","Labour (Co-op)","Harrow West","London",709,796,"0"
0,0,0,0,0,0,0,0,0,0,0,0,0,0,0,0,0,0,0,0,0,0,0,0,0,0,1,0,0,0,0,0,0,0,0,0,0,1796,"2019-09","Lord Taylor of Warwick","M","Non-affiliated","Life peer",NA,NA,NA,"0"
0,0,0,0,0,0,0,0,0,0,0,0,0,0,0,0,0,0,0,0,0,0,0,0,0,0,0,1,0,0,0,0,0,0,0,0,0,1405,"2019-09","Mark Field","M","Conservative","Cities of London and Westminster","London",906,796,"0"
0,0,0,0,0,0,0,0,1,0,0,0,0,0,0,0,0,0,0,0,0,0,0,0,0,0,0,0,0,0,0,0,0,0,0,0,0,4267,"2019-09","Sarah Champion","F","Labour","Rotherham","Yorkshire and The Humber",596,632,"0"
0,0,0,0,0,0,0,0,0,0,0,0,0,0,0,0,0,0,0,0,0,0,0,0,0,0,0,0,0,0,1,0,0,0,0,0,0,1579,"2019-09","Mary Creagh","F","Labour","Wakefield","Yorkshire and The Humber",605,632,"0"
0,0,0,0,0,0,0,0,1,0,0,0,0,0,0,0,0,0,0,0,0,0,0,0,0,0,0,0,0,0,0,0,0,0,0,0,0,452,"2019-10","Lord Bradley","M","Labour","Life peer",NA,NA,NA,"0"
0,0,0,0,1,0,0,0,0,0,0,0,0,0,0,0,0,0,0,0,0,0,0,0,0,0,0,0,0,0,0,0,0,0,0,0,0,1536,"2019-09","Emily Thornberry","F","Labour","Islington South and Finsbury","London",826,796,"0"
0,0,0,0,0,0,0,0,0,0,0,0,0,0,0,0,0,0,0,0,0,0,0,0,0,0,0,1,0,0,0,0,0,0,0,0,0,1405,"2019-09","Mark Field","M","Conservative","Cities of London and Westminster","London",906,796,"0"
0,0,0,0,0,0,0,0,0,0,0,0,1,0,0,0,0,0,0,0,0,0,0,0,0,0,0,0,0,0,0,0,0,0,0,0,0,4171,"2019-09","Lord Black of Brentwood","M","Conservative","Life peer",NA,NA,NA,"0"
0,0,0,0,0,0,0,0,0,0,0,0,0,0,0,1,0,0,0,0,0,0,0,0,0,0,0,0,0,0,1,0,0,0,0,0,0,1796,"2019-09","Lord Taylor of Warwick","M","Non-affiliated","Life peer",NA,NA,NA,"0"
0,0,0,0,0,0,0,0,0,0,0,0,1,0,0,0,0,0,0,0,0,0,0,0,0,0,0,0,0,0,0,0,0,0,0,0,0,4436,"2019-09","Cat Smith","F","Labour","Lancaster and Fleetwood","North West",645,649,"0"
0,0,0,0,0,0,0,0,0,0,0,0,0,0,0,1,0,0,0,0,0,0,0,0,0,0,0,0,0,0,0,0,0,0,0,0,0,4382,"2019-09","Daniel Zeichner","M","Labour","Cambridge","East of England",779,706,"0"
0,0,0,0,0,0,0,0,0,1,0,0,0,0,0,0,0,0,0,0,0,0,0,0,0,0,0,0,0,0,0,0,0,0,0,0,0,4264,"2019-09","Stephen Doughty","M","Labour (Co-op)","Cardiff South and Penarth","Wales",593,636,"0"
0,0,1,0,0,0,0,0,0,0,0,0,0,0,0,0,0,0,0,0,0,0,0,0,0,0,0,0,0,0,0,0,0,0,0,0,0,478,"2019-10","Lord Field of Birkenhead","M","Crossbench","Life peer",NA,NA,NA,"0"
0,0,0,0,0,0,0,0,0,1,0,0,0,0,0,0,0,0,0,0,0,0,0,0,0,0,0,0,0,0,0,0,0,0,0,0,0,1542,"2019-10","Philip Dunne","M","Conservative","Ludlow","West Midlands",665,652,"0"
0,0,0,0,0,0,0,0,0,0,0,0,1,0,0,0,0,0,0,0,0,0,0,0,0,0,0,0,0,0,0,0,0,0,0,0,0,2018,"2019-10","Lord Hylton","M","Crossbench","Excepted Hereditary",NA,NA,NA,"0"
0,0,0,0,0,0,0,0,0,0,1,0,0,0,0,0,0,0,0,0,0,0,0,0,0,0,0,0,0,0,0,0,0,0,0,0,0,4614,"2019-10","Hugh Gaffney","M","Labour","Coatbridge, Chryston and Bellshill","Scotland",765,702,"0"
0,0,0,1,0,0,0,0,0,0,0,0,0,0,0,0,0,0,0,0,0,0,0,0,0,0,0,0,0,0,0,0,0,0,0,0,0,2018,"2019-10","Lord Hylton","M","Crossbench","Excepted Hereditary",NA,NA,NA,"0"
0,0,0,0,1,0,0,0,0,0,0,0,0,0,0,0,0,0,0,0,0,0,0,0,0,0,0,0,0,0,0,0,0,0,0,0,0,2650,"2019-10","Lord Hanningfield","M","Non-affiliated","Life peer",NA,NA,NA,"0"
0,0,0,0,0,0,0,0,0,1,0,0,0,0,0,0,0,0,0,0,0,0,0,0,0,0,0,0,0,0,0,0,0,0,0,0,0,2650,"2019-10","Lord Hanningfield","M","Non-affiliated","Life peer",NA,NA,NA,"0"
0,0,0,0,1,0,0,0,0,0,0,0,0,0,0,0,0,0,0,0,0,0,0,0,0,0,0,0,0,0,0,0,0,0,0,0,0,2650,"2019-10","Lord Hanningfield","M","Non-affiliated","Life peer",NA,NA,NA,"0"
0,0,0,0,0,0,0,0,0,0,0,0,1,0,0,0,0,0,0,0,0,0,0,0,0,0,0,0,0,0,0,0,0,0,0,0,0,4471,"2019-10","Rachael Maskell","F","Labour (Co-op)","York Central","Yorkshire and The Humber",629,632,"0"
1,0,0,0,0,0,0,0,0,0,0,0,0,0,0,0,0,0,0,0,0,0,0,0,0,0,0,0,0,0,0,0,0,0,0,0,0,478,"2019-10","Lord Field of Birkenhead","M","Crossbench","Life peer",NA,NA,NA,"0"
0,0,0,0,0,0,0,1,0,0,0,0,0,0,0,0,0,0,0,0,0,0,0,0,0,0,0,0,0,0,0,0,0,0,0,0,0,4653,"2019-10","Stephen Morgan","M","Labour","Portsmouth South","South East",636,724,"0"
0,0,0,0,1,0,0,0,0,0,0,0,0,0,0,0,0,0,0,0,0,0,0,0,0,0,0,0,0,0,0,0,0,0,0,0,0,2650,"2019-10","Lord Hanningfield","M","Non-affiliated","Life peer",NA,NA,NA,"0"
0,0,0,0,1,0,0,0,0,0,0,0,0,0,0,0,0,0,0,0,0,0,0,0,0,0,0,0,0,0,0,0,0,0,0,0,0,2650,"2019-10","Lord Hanningfield","M","Non-affiliated","Life peer",NA,NA,NA,"0"
0,0,0,0,0,0,0,0,0,1,0,0,0,0,0,0,0,0,0,0,0,0,0,0,0,0,0,0,0,0,0,0,0,0,0,0,0,3682,"2019-11","Lord Truscott","M","Non-affiliated","Life peer",NA,NA,NA,"0"
0,0,0,0,0,0,0,0,0,0,0,0,0,0,0,1,0,0,0,0,0,0,0,0,0,0,0,0,0,0,0,0,0,0,0,0,0,4253,"2019-11","Seema Malhotra","F","Labour (Co-op)","Feltham and Heston","London",664,796,"1"
0,0,0,0,0,0,0,0,0,0,0,0,0,0,0,0,0,0,0,0,0,0,0,0,0,0,0,1,0,0,0,0,0,0,0,0,0,4253,"2019-11","Seema Malhotra","F","Labour (Co-op)","Feltham and Heston","London",664,796,"1"
0,0,0,0,0,0,0,0,0,0,0,0,0,0,0,0,0,1,0,0,0,0,0,0,0,0,0,0,0,0,0,0,0,0,0,0,0,2650,"2019-11","Lord Hanningfield","M","Non-affiliated","Life peer",NA,NA,NA,"0"
0,0,0,0,0,0,0,0,0,0,0,0,0,0,0,0,0,1,0,0,0,0,0,0,0,0,0,0,0,0,0,0,0,0,0,0,0,2650,"2019-11","Lord Hanningfield","M","Non-affiliated","Life peer",NA,NA,NA,"0"
0,0,0,0,0,0,0,0,0,0,0,0,0,0,0,0,0,1,0,0,0,0,0,0,0,0,0,0,0,0,0,0,0,0,0,0,0,4474,"2019-11","Kevin Hollinrake","M","Conservative","Thirsk and Malton","Yorkshire and The Humber",605,632,"0"
0,0,0,0,0,0,0,0,0,0,0,0,0,0,0,0,0,0,0,0,0,0,0,0,0,0,0,1,0,0,0,0,0,0,0,0,0,4488,"2019-11","Martyn Day","M","Scottish National Party","Linlithgow and East Falkirk","Scotland",704,702,"0"
0,0,0,0,0,0,0,0,0,0,0,0,0,0,0,0,0,0,0,0,0,0,0,0,0,0,0,1,0,0,0,0,0,0,0,0,0,4488,"2019-11","Martyn Day","M","Scottish National Party","Linlithgow and East Falkirk","Scotland",704,702,"0"
0,0,0,1,0,0,0,0,0,0,0,0,0,0,0,0,0,0,0,0,0,0,0,0,0,0,0,0,0,0,0,0,0,0,0,0,0,4640,"2019-12","David Linden","M","Scottish National Party","Glasgow East","Scotland",662,702,"0"
0,0,0,0,0,0,0,0,0,0,1,0,0,0,0,0,0,0,0,0,0,0,0,0,0,0,0,1,0,0,0,0,0,0,0,0,0,4498,"2019-12","Mr Ranil Jayawardena","M","Conservative","North East Hampshire","South East",858,724,"0"
0,0,0,0,0,0,0,0,0,0,0,0,0,0,0,0,0,0,0,0,0,0,0,0,0,0,0,0,0,1,0,1,0,0,0,0,0,4365,"2019-12","Neil Gray","M","Scottish National Party","Airdrie and Shotts","Scotland",705,702,"0"
0,0,0,0,0,0,0,0,0,0,0,0,1,0,0,0,0,0,0,0,0,0,0,0,0,0,0,0,0,0,0,0,0,0,0,0,0,4716,"2019-12","Ruth Jones","F","Labour","Newport West","Wales",619,636,"0"
0,0,0,0,0,0,0,0,0,0,0,0,1,0,0,0,0,0,0,0,0,0,0,0,0,0,0,0,0,0,0,0,0,0,0,0,0,4716,"2019-12","Ruth Jones","F","Labour","Newport West","Wales",619,636,"0"
0,0,0,0,0,0,0,0,0,0,0,0,1,0,0,0,0,0,0,0,0,0,0,0,0,0,0,0,0,0,0,0,0,0,0,0,0,4107,"2019-12","Harriett Baldwin","F","Conservative","West Worcestershire","West Midlands",678,652,"0"
0,0,0,0,0,0,0,0,0,0,0,0,1,0,0,0,0,0,0,0,0,0,0,0,0,0,0,0,0,0,0,0,0,0,0,0,0,4519,"2019-12","James Cartlidge","M","Conservative","South Suffolk","East of England",637,706,"0"
0,0,0,0,0,0,0,0,0,0,0,0,0,0,0,0,0,0,0,0,0,0,0,0,0,0,0,0,0,0,1,0,0,0,0,0,0,4417,"2019-12","Deidre Brock","F","Scottish National Party","Edinburgh North and Leith","Scotland",696,702,"0"
0,0,0,0,0,0,0,0,0,0,0,0,0,0,0,1,0,0,0,0,0,0,0,0,0,0,0,0,0,0,0,0,0,0,0,0,0,4480,"2019-12","Carolyn Harris","F","Labour","Swansea East","Wales",596,636,"0"
0,0,0,0,0,0,0,0,0,0,0,0,0,0,0,1,0,0,0,0,0,0,0,0,0,0,0,0,0,0,0,0,0,0,0,0,0,4480,"2019-12","Carolyn Harris","F","Labour","Swansea East","Wales",596,636,"0"
0,0,0,0,0,0,0,0,0,0,0,0,0,0,0,1,0,0,0,0,0,0,0,0,0,0,0,0,0,0,0,0,0,0,0,0,0,4480,"2019-12","Carolyn Harris","F","Labour","Swansea East","Wales",596,636,"0"
0,0,0,0,0,0,0,0,0,0,0,0,0,0,0,1,0,0,0,0,0,0,0,0,0,0,0,0,0,0,0,0,0,0,0,0,0,4480,"2019-12","Carolyn Harris","F","Labour","Swansea East","Wales",596,636,"0"
0,0,0,0,0,0,0,0,0,0,0,0,0,0,0,1,0,0,0,0,0,0,0,0,0,0,0,0,0,0,0,0,0,0,0,0,0,4480,"2019-12","Carolyn Harris","F","Labour","Swansea East","Wales",596,636,"0"
0,0,0,0,0,0,0,0,0,0,0,0,0,0,0,1,0,0,0,0,0,0,0,0,0,0,0,0,0,0,0,0,0,0,0,0,0,4480,"2019-12","Carolyn Harris","F","Labour","Swansea East","Wales",596,636,"0"
0,0,0,0,0,0,0,0,0,0,0,0,0,0,0,1,0,0,0,0,0,0,0,0,0,0,0,0,0,0,0,0,0,0,0,0,0,4480,"2019-12","Carolyn Harris","F","Labour","Swansea East","Wales",596,636,"0"
0,0,0,0,0,0,0,0,0,0,0,0,0,0,0,0,0,0,0,0,0,0,1,0,0,0,0,0,0,0,0,0,0,0,0,0,0,1576,"2019-12","Mark Pritchard","M","Conservative","The Wrekin","West Midlands",712,652,"0"
0,1,0,0,0,0,0,0,0,0,0,0,0,0,0,0,0,0,0,0,0,0,0,0,0,0,0,0,0,0,0,0,0,0,0,0,0,4365,"2019-12","Neil Gray","M","Scottish National Party","Airdrie and Shotts","Scotland",705,702,"0"
0,0,0,0,0,0,0,0,0,0,0,0,0,0,0,0,0,0,0,0,0,0,0,0,1,0,0,0,0,0,0,0,0,0,0,0,0,4653,"2019-12","Stephen Morgan","M","Labour","Portsmouth South","South East",636,724,"0"
0,0,0,0,0,0,0,0,0,0,0,0,1,0,0,0,0,0,0,0,0,0,0,0,0,0,0,0,0,0,0,0,0,0,0,0,0,4107,"2019-12","Harriett Baldwin","F","Conservative","West Worcestershire","West Midlands",678,652,"0"
0,0,0,0,0,0,0,0,0,0,0,1,0,0,0,0,0,0,0,0,0,0,0,0,0,0,0,0,0,0,0,0,0,0,0,0,0,4006,"2019-12","Dr Matthew Offord","M","Conservative","Hendon","London",767,796,"0"
0,0,0,0,0,0,0,0,0,0,0,0,1,0,0,0,0,0,0,0,0,0,0,0,0,0,0,0,0,0,0,0,0,0,0,0,0,177,"2019-12","Gareth Thomas","M","Labour (Co-op)","Harrow West","London",709,796,"0"
1,0,0,0,0,0,0,0,0,0,0,0,0,0,0,0,0,0,0,0,0,0,0,0,0,0,0,0,0,0,0,0,0,0,0,0,0,4234,"2019-12","Baroness Lister of Burtersett","F","Labour","Life peer",NA,NA,NA,"0"
0,0,0,0,0,0,0,0,0,0,0,0,0,0,0,0,0,0,0,0,0,0,0,0,0,0,0,0,0,0,0,0,0,0,0,1,0,1438,"2019-12","Mr Kevan Jones","M","Labour","North Durham","North East",593,614,"0"
0,0,0,0,0,0,0,0,0,1,0,0,0,0,0,0,0,0,0,0,0,0,0,0,0,0,0,0,0,0,0,0,0,0,0,0,0,1566,"2019-12","Daniel Kawczynski","M","Conservative","Shrewsbury and Atcham","West Midlands",629,652,"0"
0,0,0,0,0,0,0,0,0,0,0,0,1,0,0,0,0,0,0,0,0,0,0,0,0,0,0,0,0,0,0,0,0,0,0,0,0,4645,"2019-12","Emma Hardy","F","Labour","Kingston upon Hull West and Hessle","Yorkshire and The Humber",578,632,"0"
0,1,0,0,0,0,0,0,0,0,0,0,0,0,0,0,0,0,0,0,0,0,0,0,0,0,0,0,0,0,0,0,0,0,0,0,0,4716,"2019-12","Ruth Jones","F","Labour","Newport West","Wales",619,636,"0"
0,0,0,0,0,0,0,0,0,0,0,1,0,0,0,0,0,0,0,0,0,0,0,0,0,0,0,0,0,0,0,0,0,0,0,0,0,4671,"2020-01","Afzal Khan","M","Labour","Manchester, Gorton","North West",639,649,"1"
0,0,0,0,0,0,0,0,0,0,0,0,0,0,0,0,0,0,0,0,0,0,1,0,0,0,0,0,0,0,0,0,0,0,0,0,0,4633,"2020-01","Paul Girvan","M","Democratic Unionist Party","South Antrim","Northern Ireland",680,643,"0"
0,0,0,0,0,0,0,0,0,0,0,0,0,0,0,0,0,0,0,0,0,0,0,0,0,0,1,0,0,0,0,0,0,0,0,0,0,4610,"2020-01","Bambos Charalambous","M","Independent","Enfield, Southgate","London",775,796,"1"
0,0,0,0,0,0,0,0,0,0,1,0,0,0,0,0,0,0,0,0,0,0,0,0,0,0,0,0,0,0,0,0,0,0,0,0,0,400,"2020-01","John Healey","M","Labour","Wentworth and Dearne","Yorkshire and The Humber",606,632,"0"
0,0,0,0,0,0,0,0,0,1,0,0,0,0,0,0,0,0,0,0,0,0,0,0,0,0,0,0,0,0,0,0,0,0,0,0,0,1444,"2020-01","Mr Mark Francois","M","Conservative","Rayleigh and Wickford","East of England",815,706,"0"
0,0,0,0,0,0,0,0,0,0,0,0,0,0,0,1,0,0,0,0,0,0,0,0,0,0,0,0,0,0,0,0,0,0,0,0,0,4562,"2020-01","Baroness Bowles of Berkhamsted","F","Liberal Democrat","Life peer",NA,NA,NA,"0"
1,0,0,0,0,0,0,0,0,0,0,0,0,0,0,0,1,0,0,2,0,0,0,0,0,0,0,0,0,0,0,0,0,0,0,0,0,3969,"2020-01","Damian Hinds","M","Conservative","East Hampshire","South East",729,724,"0"
1,0,0,0,0,0,0,0,0,0,0,0,0,0,0,0,1,0,0,2,0,0,0,0,0,0,0,0,0,0,0,0,0,0,0,0,0,3969,"2020-01","Damian Hinds","M","Conservative","East Hampshire","South East",729,724,"0"
0,0,0,0,0,0,0,0,0,0,0,0,0,0,0,0,0,0,0,0,0,0,1,0,0,0,0,0,0,0,0,0,0,0,0,0,0,1796,"2020-01","Lord Taylor of Warwick","M","Non-affiliated","Life peer",NA,NA,NA,"0"
0,0,0,0,0,0,0,0,0,0,0,0,1,0,0,0,0,0,0,0,0,0,0,0,0,0,0,0,0,0,0,0,0,0,0,0,0,4282,"2020-01","Lord Bourne of Aberystwyth","M","Conservative","Life peer",NA,NA,NA,"0"
0,0,0,0,0,0,0,0,0,0,0,0,0,0,1,0,0,0,0,0,0,0,0,0,0,0,0,0,0,0,0,0,0,0,0,0,0,4555,"2020-01","Lord Porter of Spalding","M","Conservative","Life peer",NA,NA,NA,"0"
0,0,0,0,0,0,0,0,0,0,0,0,0,0,0,0,0,0,0,0,0,0,0,0,0,0,0,0,0,0,1,0,0,0,0,0,0,3496,"2020-01","Lord Bowness","M","Crossbench","Life peer",NA,NA,NA,"0"
0,0,0,0,0,0,0,0,0,0,0,0,0,0,0,0,0,0,0,0,0,0,0,0,0,0,0,0,0,0,1,0,0,0,0,0,0,4333,"2020-01","Lord Scriven","M","Liberal Democrat","Life peer",NA,NA,NA,"0"
0,0,0,0,0,0,0,0,0,0,0,0,0,0,0,0,0,0,0,0,0,0,1,0,0,0,0,0,0,0,0,0,0,0,0,0,0,177,"2020-02","Gareth Thomas","M","Labour (Co-op)","Harrow West","London",709,796,"0"
0,0,0,0,0,0,0,0,0,0,0,0,0,1,0,0,0,0,0,0,0,0,0,0,0,0,0,0,0,0,0,0,0,0,0,0,0,4058,"2020-02","Paul Blomfield","M","Labour","Sheffield Central","Yorkshire and The Humber",643,632,"0"
0,0,0,0,0,0,0,0,0,0,0,0,1,0,0,0,0,0,0,0,0,0,0,0,0,0,0,0,0,0,0,0,0,0,0,0,0,4813,"2020-02","Mr Richard Holden","M","Conservative","North West Durham","North East",648,614,"0"
0,0,0,0,0,0,0,0,0,0,0,0,0,0,0,0,0,0,0,0,0,0,1,0,0,0,0,0,0,0,0,0,0,0,0,0,0,3930,"2020-02","Caroline Lucas","F","Green Party","Brighton, Pavilion","South East",670,724,"0"
0,0,0,0,0,0,0,0,0,0,1,0,0,0,0,0,0,0,0,0,0,0,1,0,0,0,0,0,0,0,0,0,0,0,0,0,0,4058,"2020-02","Paul Blomfield","M","Labour","Sheffield Central","Yorkshire and The Humber",643,632,"0"
0,0,0,0,0,0,0,0,0,0,1,0,0,0,0,0,0,0,0,0,0,0,0,0,0,0,0,0,0,0,0,0,0,0,0,0,0,4058,"2020-02","Paul Blomfield","M","Labour","Sheffield Central","Yorkshire and The Humber",643,632,"0"
0,0,0,0,0,0,0,0,0,1,0,0,0,0,0,0,0,0,0,0,0,0,0,0,0,0,0,0,0,0,0,0,0,0,0,0,0,4601,"2020-02","Andrew Bowie","M","Conservative","West Aberdeenshire and Kincardine","Scotland",792,702,"0"
0,0,0,0,0,0,0,0,0,0,0,0,0,0,0,0,0,0,1,0,0,0,0,0,0,0,0,0,0,0,0,0,0,0,0,0,0,4523,"2020-02","Catherine West","F","Labour","Hornsey and Wood Green","London",862,796,"0"
1,0,0,0,0,0,0,0,0,0,0,0,0,0,0,0,0,0,0,0,0,0,0,0,0,0,0,0,0,0,0,0,0,0,0,0,0,163,"2020-02","Sir Stephen Timms","M","Labour","East Ham","London",698,796,"0"
1,0,0,0,0,0,0,0,0,0,0,0,0,0,0,0,0,0,0,0,0,0,0,0,0,0,0,0,0,0,0,0,0,0,0,0,0,163,"2020-02","Sir Stephen Timms","M","Labour","East Ham","London",698,796,"0"
0,0,0,0,0,0,0,0,0,0,0,0,0,0,0,0,0,0,0,0,0,0,0,1,0,0,0,0,0,0,0,0,0,0,0,0,0,3932,"2020-02","Dr Dan Poulter","M","Conservative","Central Suffolk and North Ipswich","East of England",714,706,"0"
0,0,0,0,0,0,0,0,0,0,1,0,0,0,0,0,0,0,0,0,0,0,0,0,0,0,0,0,0,1,0,0,0,0,0,0,0,163,"2020-02","Sir Stephen Timms","M","Labour","East Ham","London",698,796,"0"
0,0,0,0,0,0,0,0,0,0,1,0,0,0,0,0,0,0,0,0,0,0,0,0,0,0,0,0,0,0,0,0,0,0,0,0,0,400,"2020-02","John Healey","M","Labour","Wentworth and Dearne","Yorkshire and The Humber",606,632,"0"
1,0,0,0,0,0,0,0,0,0,0,0,0,0,0,0,0,0,0,0,0,0,0,0,0,0,0,0,0,0,0,0,0,0,0,0,0,4463,"2020-02","Chris Stephens","M","Scottish National Party","Glasgow South West","Scotland",619,702,"0"
0,0,0,0,1,0,0,0,0,0,0,0,0,0,0,0,0,0,0,0,0,0,0,0,0,0,0,0,0,0,0,0,0,0,0,0,0,4425,"2020-02","Jo Stevens","F","Labour","Cardiff Central","Wales",645,636,"0"
0,0,0,0,0,0,0,0,0,0,0,0,0,0,0,0,0,0,1,0,0,0,0,0,0,0,0,0,0,0,0,0,0,0,0,0,0,4521,"2020-02","Liz Saville Roberts","F","Plaid Cymru","Dwyfor Meirionnydd","Wales",519,636,"0"
0,0,0,0,0,0,0,0,0,0,0,0,0,0,0,0,0,0,1,0,0,0,0,0,0,0,0,0,0,0,0,0,0,0,0,0,0,4488,"2020-02","Martyn Day","M","Scottish National Party","Linlithgow and East Falkirk","Scotland",704,702,"0"
0,0,0,0,0,0,0,0,0,0,0,0,0,0,0,0,0,0,0,0,0,0,1,0,0,0,0,0,0,0,0,0,0,0,0,0,0,4617,"2020-03","Matt Western","M","Labour","Warwick and Leamington","West Midlands",793,652,"0"
0,0,0,0,0,0,0,0,0,0,0,0,0,0,0,0,0,0,0,0,0,0,1,0,0,0,0,0,0,0,0,0,0,0,0,0,0,4243,"2020-03","Dan Jarvis","M","Labour","Barnsley Central","Yorkshire and The Humber",582,632,"0"
0,0,0,0,0,0,0,0,1,0,0,0,0,0,0,0,0,0,0,0,0,0,0,0,0,0,0,0,0,0,0,0,0,0,0,0,0,4764,"2020-03","Bell Ribeiro-Addy","F","Labour","Streatham","London",820,796,"1"
0,0,0,0,0,0,0,0,0,0,0,0,1,0,0,0,0,0,0,0,0,0,0,0,0,0,0,0,0,0,0,0,0,0,0,0,0,1591,"2020-03","Tim Farron","M","Liberal Democrat","Westmorland and Lonsdale","North West",663,649,"0"
0,0,0,0,0,0,0,0,0,0,0,0,1,0,0,0,0,0,0,0,0,0,0,0,0,0,0,0,0,0,0,0,0,0,0,0,0,1591,"2020-03","Tim Farron","M","Liberal Democrat","Westmorland and Lonsdale","North West",663,649,"0"
0,0,0,0,0,0,0,0,0,0,0,0,1,0,0,0,0,0,0,0,0,0,1,0,0,0,0,0,0,0,0,0,0,0,0,0,0,4829,"2020-03","Sam Tarry","M","Labour","Ilford South","London",698,796,"0"
0,0,0,0,0,0,0,0,0,0,0,0,0,0,0,0,0,0,0,0,0,0,1,0,0,0,0,0,0,0,0,0,0,0,0,0,0,4750,"2020-03","Jane Stevenson","F","Conservative","Wolverhampton North East","West Midlands",575,652,"0"
0,0,0,0,0,0,0,0,0,0,0,0,0,0,0,0,0,0,0,0,0,0,0,0,0,0,0,0,0,1,0,0,0,0,0,0,0,3691,"2020-04","Lord Roberts of Llandudno","M","Liberal Democrat","Life peer",NA,NA,NA,"0"
0,0,0,0,0,0,0,0,0,0,0,0,0,0,0,0,0,0,0,0,0,0,1,0,0,0,0,0,0,0,0,0,0,0,0,0,0,1500,"2020-04","Theresa Villiers","F","Conservative","Chipping Barnet","London",765,796,"0"
0,0,0,0,0,0,0,0,0,0,0,0,0,0,0,1,0,0,0,0,0,0,0,0,0,0,0,0,0,0,0,0,0,0,0,0,0,4006,"2020-04","Dr Matthew Offord","M","Conservative","Hendon","London",767,796,"0"
0,0,0,0,0,0,0,0,0,0,0,0,0,0,0,1,0,0,0,0,0,0,0,0,0,0,0,0,0,0,0,0,0,0,0,0,0,4412,"2020-04","Dr Lisa Cameron","F","Conservative","East Kilbride, Strathaven and Lesmahagow","Scotland",730,702,"0"
0,0,0,0,0,0,0,0,0,0,0,0,1,0,0,0,0,0,0,0,0,0,0,0,0,0,0,0,0,0,0,0,0,0,0,0,0,350,"2020-04","Sir John Hayes","M","Conservative","South Holland and The Deepings","East Midlands",640,640,"0"
0,0,0,0,0,0,0,0,0,0,0,0,1,0,0,0,0,0,0,0,0,0,0,0,0,0,0,0,0,0,0,0,0,0,0,0,0,4866,"2020-04","Alexander Stafford","M","Conservative","Rother Valley","Yorkshire and The Humber",592,632,"0"
0,0,0,0,0,0,0,0,0,0,0,0,0,0,0,1,0,0,0,0,0,0,0,0,0,0,0,0,0,0,0,0,0,0,0,0,0,4482,"2020-04","Owen Thompson","M","Scottish National Party","Midlothian","Scotland",716,702,"0"
0,0,0,0,0,0,0,0,0,0,0,0,0,0,0,1,0,0,0,0,0,0,0,0,0,0,0,0,0,0,0,0,0,0,0,0,0,4482,"2020-04","Owen Thompson","M","Scottish National Party","Midlothian","Scotland",716,702,"0"
0,0,0,0,0,0,0,0,0,0,0,0,0,0,0,0,0,0,0,0,0,1,0,0,0,0,0,0,0,0,0,0,0,0,0,0,0,4773,"2020-04","Kate Kniveton","F","Conservative","Burton","West Midlands",668,652,"0"
0,0,0,0,0,0,0,0,0,0,0,0,0,0,0,0,0,0,0,0,0,0,1,0,0,0,0,0,0,0,0,0,0,0,0,0,0,1796,"2020-04","Lord Taylor of Warwick","M","Non-affiliated","Life peer",NA,NA,NA,"0"
0,0,0,0,0,0,0,0,0,0,0,0,0,0,0,0,0,0,0,0,0,0,0,0,0,0,1,0,0,0,0,0,0,0,0,0,0,4412,"2020-04","Dr Lisa Cameron","F","Conservative","East Kilbride, Strathaven and Lesmahagow","Scotland",730,702,"0"
0,0,0,0,0,0,0,0,0,0,0,0,0,0,0,0,0,0,0,0,0,0,0,0,0,0,0,1,0,0,0,0,0,0,0,0,0,177,"2020-04","Gareth Thomas","M","Labour (Co-op)","Harrow West","London",709,796,"0"
1,0,0,0,0,0,0,0,0,0,0,0,0,0,0,0,0,0,0,0,0,0,0,0,0,0,0,0,0,0,0,0,0,0,0,0,0,4515,"2020-05","Kate Osamor","F","Labour (Co-op)","Edmonton","London",686,796,"1"
0,0,0,0,0,0,0,0,0,0,0,0,0,0,0,0,0,0,0,0,0,0,1,0,0,0,0,0,0,0,0,0,0,0,0,0,0,1438,"2020-04","Mr Kevan Jones","M","Labour","North Durham","North East",593,614,"0"
0,0,0,0,1,0,0,0,0,0,0,0,0,0,0,0,0,0,0,0,0,0,1,0,0,0,0,0,0,0,0,0,0,0,0,0,0,4523,"2020-04","Catherine West","F","Labour","Hornsey and Wood Green","London",862,796,"0"
0,0,0,0,0,0,0,0,0,0,0,0,0,0,0,0,0,0,0,0,0,0,1,0,0,0,0,0,0,0,0,0,0,0,0,0,0,547,"2020-04","Lord Wigley","M","Plaid Cymru","Life peer",NA,NA,NA,"0"
0,0,0,0,0,0,0,0,0,0,0,0,1,0,0,0,0,0,0,0,0,0,0,0,0,0,0,0,0,0,0,0,0,0,0,0,0,155,"2020-04","Geraint Davies","M","Independent","Swansea West","Wales",662,636,"0"
0,0,0,0,0,0,0,0,0,1,0,0,0,0,0,0,0,0,0,0,0,0,0,0,0,0,0,0,0,0,0,0,0,0,0,0,0,4403,"2020-05","Chris Law","M","Scottish National Party","Dundee West","Scotland",629,702,"0"
0,0,0,0,0,0,0,0,0,0,0,0,0,0,0,0,0,0,0,0,0,0,1,0,0,0,0,0,0,0,0,0,0,0,0,0,0,4138,"2020-05","Rushanara Ali","F","Labour","Bethnal Green and Bow","London",786,796,"1"
0,0,0,0,0,0,0,0,0,0,0,0,0,0,0,0,0,0,0,0,0,0,1,0,0,0,0,0,0,0,0,0,0,0,0,0,0,1500,"2020-05","Theresa Villiers","F","Conservative","Chipping Barnet","London",765,796,"0"
0,0,0,0,0,0,0,0,0,0,0,0,1,0,0,0,0,0,0,0,0,0,0,0,0,0,0,0,0,0,0,0,0,0,0,0,0,738,"2020-05","Lord Alton of Liverpool","M","Crossbench","Life peer",NA,NA,NA,"0"
0,0,0,0,0,0,0,0,0,1,0,0,0,0,0,0,0,0,0,0,0,0,0,0,0,0,0,0,0,1,0,0,0,0,0,0,0,4781,"2020-05","Dr Luke Evans","M","Conservative","Bosworth","East Midlands",653,640,"0"
0,0,0,0,0,0,0,0,0,0,0,0,0,0,0,1,0,0,0,0,0,0,0,0,0,0,0,0,0,0,0,0,0,0,0,0,0,4440,"2020-05","Marion Fellows","F","Scottish National Party","Motherwell and Wishaw","Scotland",672,702,"0"
0,0,0,0,0,0,0,0,0,0,0,0,0,0,0,0,0,1,0,0,0,0,0,0,1,0,0,0,0,0,0,0,0,0,0,0,0,3913,"2020-06","Jack Dromey","M","Labour","Birmingham, Erdington","West Midlands",573,652,"0"
0,0,0,0,0,0,0,0,0,0,0,0,1,0,0,0,0,0,0,0,0,0,0,0,0,0,0,0,0,0,0,0,0,0,0,0,0,1732,"2020-06","Lord Warner","M","Crossbench","Life peer",NA,NA,NA,"0"
0,0,0,0,0,0,0,0,0,0,0,0,1,0,0,0,0,0,0,0,0,0,0,0,0,0,0,0,0,0,0,0,0,0,0,0,0,4671,"2020-06","Afzal Khan","M","Labour","Manchester, Gorton","North West",639,649,"1"
0,0,0,0,0,0,0,0,0,1,0,0,0,0,0,0,0,0,0,0,0,0,0,0,0,0,0,0,0,0,0,0,0,0,0,0,0,3973,"2020-06","Grahame Morris","M","Labour","Easington","North East",625,614,"0"
0,0,0,0,0,0,0,0,0,0,0,0,0,0,0,0,0,0,0,0,0,0,1,0,0,0,0,0,0,0,0,0,0,0,0,0,0,4671,"2020-06","Afzal Khan","M","Labour","Manchester, Gorton","North West",639,649,"1"
0,0,0,0,0,0,0,0,0,0,0,0,0,0,0,0,0,0,0,0,0,0,0,0,0,0,0,1,0,0,0,0,0,0,0,0,0,3950,"2020-06","Tracey Crouch","F","Conservative","Chatham and Aylesford","South East",696,724,"0"
0,0,0,0,0,0,0,0,0,0,0,0,0,0,0,0,0,0,0,0,0,0,0,0,0,0,0,1,0,0,0,0,0,0,0,0,0,4415,"2020-07","John Nicolson","M","Scottish National Party","Ochil and South Perthshire","Scotland",707,702,"0"
0,0,0,0,0,0,0,0,0,0,0,0,1,0,0,0,0,0,0,0,0,0,0,0,0,0,0,0,0,0,0,0,0,0,0,0,0,1732,"2020-07","Lord Warner","M","Crossbench","Life peer",NA,NA,NA,"0"
0,0,0,0,0,0,0,0,0,0,0,0,1,0,0,0,0,0,0,0,0,0,0,0,0,0,0,0,0,0,0,0,0,0,0,0,0,1447,"2020-07","Andrew Rosindell","M","Conservative","Romford","London",748,796,"0"
0,0,0,0,0,0,0,0,0,1,0,0,0,0,0,0,0,0,0,0,0,0,0,0,0,0,0,0,0,0,0,0,0,0,0,0,0,4510,"2020-08","Helen Hayes","F","Labour","Dulwich and West Norwood","London",846,796,"0"
0,0,1,0,0,0,0,0,0,0,0,0,0,0,0,0,0,0,0,0,0,0,0,0,0,0,0,0,0,0,0,0,0,0,0,0,0,4418,"2020-09","Justin Madders","M","Labour","Ellesmere Port and Neston","North West",653,649,"0"
0,0,0,0,0,0,0,0,0,0,0,0,1,0,0,0,0,0,0,0,0,0,0,0,0,0,0,0,0,0,0,0,0,0,0,0,0,4820,"2020-08","Abena Oppong-Asare","F","Labour","Erith and Thamesmead","London",721,796,"1"
0,0,0,0,0,0,0,0,0,1,0,0,0,0,0,0,0,0,0,0,0,0,0,0,0,0,0,0,0,0,0,0,0,0,0,0,0,4775,"2020-08","Elliot Colburn","M","Conservative","Carshalton and Wallington","London",719,796,"0"
0,0,0,0,0,0,0,0,0,0,0,0,0,0,0,0,0,0,0,0,0,0,0,0,0,0,0,1,0,0,0,0,0,0,0,0,0,1489,"2020-08","Dawn Butler","F","Labour","Brent Central","London",688,796,"1"
0,0,0,0,0,0,0,0,0,0,0,0,0,0,0,0,0,0,0,0,0,1,0,0,0,0,0,0,0,0,0,0,0,0,0,0,0,4603,"2020-08","Preet Kaur Gill","F","Labour (Co-op)","Birmingham, Edgbaston","West Midlands",675,652,"0"
0,0,0,0,0,0,0,0,0,0,0,0,1,0,0,0,0,0,0,0,0,0,0,0,0,0,0,0,0,0,0,0,0,0,0,0,0,4084,"2020-08","Esther McVey","F","Conservative","Tatton","North West",643,649,"0"
0,0,0,0,0,0,0,0,0,0,0,0,1,0,0,0,0,0,0,0,0,0,0,0,0,0,0,0,0,0,0,0,0,0,0,0,0,4776,"2020-09","Munira Wilson","F","Liberal Democrat","Twickenham","London",815,796,"1"
0,0,0,0,0,0,0,0,0,0,0,0,0,0,0,0,0,0,0,0,0,0,1,0,0,0,0,0,0,0,0,0,0,0,0,0,0,4820,"2020-09","Abena Oppong-Asare","F","Labour","Erith and Thamesmead","London",721,796,"1"
0,0,0,0,0,0,0,0,0,0,0,0,0,0,0,0,0,0,0,0,0,0,1,0,0,0,0,0,0,0,0,0,0,0,0,0,0,4510,"2020-09","Helen Hayes","F","Labour","Dulwich and West Norwood","London",846,796,"0"
0,0,0,0,0,0,0,0,0,0,0,0,0,0,0,0,0,0,0,0,0,0,1,0,0,0,0,0,0,0,0,0,0,0,0,0,0,4510,"2020-09","Helen Hayes","F","Labour","Dulwich and West Norwood","London",846,796,"0"
0,0,0,0,0,0,0,0,0,0,0,0,0,0,0,0,0,0,0,0,0,0,1,0,0,0,0,0,0,0,0,0,0,0,0,0,0,4839,"2020-09","Jane Hunt","F","Conservative","Loughborough","East Midlands",661,640,"0"
0,0,0,0,0,0,0,0,0,0,0,0,0,0,0,0,0,0,0,0,0,0,1,0,0,0,0,0,0,0,0,0,0,0,0,0,0,4510,"2020-09","Helen Hayes","F","Labour","Dulwich and West Norwood","London",846,796,"0"
0,0,0,0,0,0,0,0,0,0,0,0,0,0,0,0,0,0,0,0,0,0,1,0,0,0,0,0,0,0,0,0,0,0,0,0,0,4571,"2020-09","Gill Furniss","F","Labour","Sheffield, Brightside and Hillsborough","Yorkshire and The Humber",564,632,"0"
0,0,0,0,0,0,0,0,0,0,0,0,0,0,0,0,0,0,0,0,0,0,1,0,0,0,0,0,0,0,0,0,0,0,0,0,0,4769,"2020-09","Daisy Cooper","F","Liberal Democrat","St Albans","East of England",900,706,"0"
0,0,0,0,0,0,0,0,0,0,0,0,0,0,0,0,0,0,0,0,0,0,1,0,0,0,0,0,0,0,0,0,0,0,0,0,0,3932,"2020-09","Dr Dan Poulter","M","Conservative","Central Suffolk and North Ipswich","East of England",714,706,"0"
0,0,0,0,0,0,0,0,0,0,0,0,0,0,0,0,0,0,0,0,0,0,0,0,0,0,0,0,0,1,0,0,0,0,0,0,0,1732,"2020-09","Lord Warner","M","Crossbench","Life peer",NA,NA,NA,"0"
0,0,0,0,0,0,0,0,0,0,0,0,0,0,0,0,0,0,0,0,1,0,0,0,0,0,0,0,0,0,0,0,0,0,0,0,0,3986,"2020-09","Damian Collins","M","Conservative","Folkestone and Hythe","South East",687,724,"0"
0,0,0,0,0,0,0,0,0,1,0,0,0,0,0,0,0,0,0,0,0,0,0,0,0,0,0,0,0,0,0,0,0,0,0,0,0,4615,"2020-09","Lloyd Russell-Moyle","M","Labour (Co-op)","Brighton, Kemptown","South East",705,724,"0"
0,0,0,0,0,0,0,0,0,1,0,0,0,0,0,0,0,0,0,0,0,0,0,0,0,0,0,0,0,0,0,0,0,0,0,0,0,4467,"2020-09","Drew Hendry","M","Scottish National Party","Inverness, Nairn, Badenoch and Strathspey","Scotland",708,702,"0"
0,0,0,0,0,0,0,0,0,0,0,0,0,0,0,0,0,0,0,0,0,0,1,0,0,0,0,0,0,0,0,0,0,0,0,0,0,4244,"2020-09","Jonathan Ashworth","M","Labour (Co-op)","Leicester South","East Midlands",606,640,"0"
0,0,0,0,0,0,0,0,0,0,0,0,0,0,0,1,0,0,0,0,0,0,0,0,1,0,0,0,0,0,0,0,0,0,0,0,1,4607,"2020-10","Stephanie Peacock","F","Labour","Barnsley East","Yorkshire and The Humber",643,632,"0"
0,0,0,0,0,0,0,0,0,0,0,0,0,0,0,0,0,0,0,0,0,0,1,0,0,0,0,0,0,0,0,0,0,0,0,0,0,4656,"2020-10","Layla Moran","F","Liberal Democrat","Oxford West and Abingdon","South East",710,724,"1"
0,0,1,0,0,0,0,0,0,0,0,0,0,0,0,0,0,0,0,0,0,0,0,0,0,0,0,0,0,0,0,0,0,0,0,0,0,3997,"2020-10","Alec Shelbrooke","M","Conservative","Elmet and Rothwell","Yorkshire and The Humber",796,632,"0"
0,0,0,0,0,0,0,0,0,0,0,0,0,0,0,0,0,0,0,0,0,0,1,0,0,0,0,0,0,0,0,0,0,0,0,0,0,4813,"2020-10","Mr Richard Holden","M","Conservative","North West Durham","North East",648,614,"0"
0,0,0,0,0,0,0,0,0,0,0,0,0,0,0,0,0,0,0,0,0,0,0,0,0,0,0,0,0,1,0,0,0,0,0,0,0,3869,"2020-10","Lord Myners","M","Crossbench","Life peer",NA,NA,NA,"0"
0,0,0,0,0,0,0,0,0,0,0,0,0,0,0,0,0,0,0,0,0,0,0,0,0,0,0,0,0,1,0,0,0,0,0,0,0,4864,"2020-10","Olivia Blake","F","Labour","Sheffield, Hallam","Yorkshire and The Humber",798,632,"0"
0,0,0,0,0,0,0,0,0,0,0,0,0,0,0,0,0,0,0,0,1,0,0,0,0,0,0,0,0,0,0,0,0,0,0,0,0,3917,"2020-10","Lord Walney","M","Crossbench","Life peer",NA,NA,NA,"0"
0,0,0,0,0,0,0,0,0,0,0,0,0,0,0,0,0,0,0,0,0,0,0,0,0,0,1,0,0,1,0,0,0,0,0,0,0,547,"2020-10","Lord Wigley","M","Plaid Cymru","Life peer",NA,NA,NA,"0"
0,0,0,0,0,0,0,0,0,0,0,0,1,0,0,0,0,0,0,0,0,0,0,0,0,0,0,0,0,1,0,0,0,0,0,0,0,4510,"2020-10","Helen Hayes","F","Labour","Dulwich and West Norwood","London",846,796,"0"
0,0,0,0,0,0,0,0,0,0,0,0,1,0,0,0,0,0,0,0,0,0,0,0,0,0,0,0,0,0,0,0,0,0,0,0,0,4510,"2020-10","Helen Hayes","F","Labour","Dulwich and West Norwood","London",846,796,"0"
0,0,0,0,0,0,0,0,0,1,0,0,0,0,0,0,0,0,0,0,0,0,0,0,0,0,0,0,0,0,0,0,0,0,0,0,0,3504,"2020-10","Lord Bassam of Brighton","M","Labour","Life peer",NA,NA,NA,"0"
0,0,0,0,1,0,0,0,0,0,0,0,0,0,0,0,0,0,0,0,0,0,0,0,0,0,0,0,0,0,0,0,0,0,0,0,0,4064,"2020-10","Mr Steve Baker","M","Conservative","Wycombe","South East",715,724,"0"
0,0,0,0,1,0,0,0,0,0,0,0,0,0,0,0,0,0,0,0,0,0,0,0,0,0,0,0,0,0,0,0,0,0,0,0,0,4064,"2020-10","Mr Steve Baker","M","Conservative","Wycombe","South East",715,724,"0"
0,0,0,0,0,0,0,0,0,0,0,0,0,0,0,0,0,0,0,0,0,0,1,0,0,0,0,0,0,0,0,0,0,0,0,0,0,4418,"2020-10","Justin Madders","M","Labour","Ellesmere Port and Neston","North West",653,649,"0"
0,0,0,0,0,0,0,0,0,0,0,0,1,0,0,0,0,0,0,0,0,0,0,0,0,0,0,0,0,0,0,0,0,0,0,0,0,3998,"2020-10","Mark Menzies","M","Conservative","Fylde","North West",726,649,"0"
0,0,0,0,0,0,0,0,0,0,0,0,1,0,0,0,0,0,0,0,0,0,0,0,0,0,0,0,0,0,0,0,0,0,0,0,0,3932,"2020-10","Dr Dan Poulter","M","Conservative","Central Suffolk and North Ipswich","East of England",714,706,"0"
0,0,0,0,0,0,0,0,0,0,0,0,0,0,0,0,0,0,0,0,0,0,1,0,0,0,0,0,0,0,0,0,0,0,0,0,0,481,"2020-11","Sir George Howarth","M","Labour","Knowsley","North West",668,649,"0"
0,0,0,0,0,0,0,0,0,0,0,0,0,0,0,0,0,0,0,0,0,0,1,0,0,0,0,0,0,0,0,0,0,0,0,0,0,163,"2020-11","Sir Stephen Timms","M","Labour","East Ham","London",698,796,"0"
0,0,1,0,0,0,0,0,0,0,0,0,0,0,0,0,0,0,0,0,0,0,0,0,0,0,0,0,0,0,0,0,0,0,0,0,0,4645,"2020-11","Emma Hardy","F","Labour","Kingston upon Hull West and Hessle","Yorkshire and The Humber",578,632,"0"
0,0,0,0,0,0,0,0,0,0,0,0,1,0,0,0,0,0,0,0,0,0,0,0,0,0,0,0,0,0,0,0,0,0,0,0,0,1447,"2020-11","Andrew Rosindell","M","Conservative","Romford","London",748,796,"0"
0,0,0,0,0,0,0,0,0,0,0,0,0,0,0,0,0,0,0,0,0,0,1,0,0,0,0,0,0,0,0,0,0,0,0,0,0,3609,"2020-11","Baroness Finlay of Llandaff","F","Crossbench","Life peer",NA,NA,NA,"0"
0,0,0,0,0,0,0,0,0,1,0,0,0,0,0,0,0,0,0,0,0,0,0,0,0,0,0,0,0,0,0,0,0,0,0,0,0,4631,"2020-12","Sarah Jones","F","Labour","Croydon Central","London",800,796,"0"
0,0,0,0,0,0,0,0,0,0,0,0,0,0,0,0,0,0,0,0,0,0,0,0,0,0,0,0,0,1,0,0,0,0,0,0,0,259,"2020-11","The Marquess of Lothian","M","Conservative","Life peer",NA,NA,NA,"0"
0,0,0,0,0,0,0,0,0,0,0,0,0,0,0,0,0,0,0,0,0,0,1,0,0,0,0,0,0,0,0,0,0,0,0,0,0,4243,"2020-11","Dan Jarvis","M","Labour","Barnsley Central","Yorkshire and The Humber",582,632,"0"
0,0,1,0,0,0,0,0,0,0,0,0,0,0,0,0,0,0,0,0,0,0,0,0,0,0,0,0,0,0,0,0,0,0,0,0,0,4493,"2020-11","Richard Burgon","M","Labour","Leeds East","Yorkshire and The Humber",604,632,"0"
0,0,1,0,0,0,0,0,0,0,0,0,0,0,0,0,0,0,0,0,0,0,0,0,0,0,1,0,0,0,0,0,0,0,0,0,0,4555,"2020-12","Lord Porter of Spalding","M","Conservative","Life peer",NA,NA,NA,"0"
0,0,0,0,0,0,0,0,0,0,0,0,1,0,0,0,0,0,0,0,0,0,0,0,0,0,0,0,0,0,0,0,0,0,0,0,0,4741,"2020-11","Nickie Aiken","F","Conservative","Cities of London and Westminster","London",906,796,"0"
0,0,0,0,0,0,0,0,0,0,0,0,0,0,0,0,0,0,0,0,0,0,1,0,0,0,0,0,0,0,0,0,0,0,0,0,0,4505,"2020-11","Peter Kyle","M","Labour","Hove","South East",679,724,"0"
0,0,0,0,0,0,0,0,0,0,0,0,0,0,0,0,0,0,0,0,0,0,1,0,0,0,0,0,0,0,0,0,0,0,0,0,0,4591,"2020-11","Sarah Olney","F","Liberal Democrat","Richmond Park","London",1049,796,"0"
0,0,0,0,0,0,0,0,0,0,0,0,0,0,0,0,0,0,0,0,0,0,1,0,0,0,0,0,0,0,0,0,0,0,0,0,0,4603,"2020-12","Preet Kaur Gill","F","Labour (Co-op)","Birmingham, Edgbaston","West Midlands",675,652,"0"
0,0,0,0,0,0,0,0,0,0,0,0,1,0,0,0,0,0,0,0,0,0,0,0,0,0,0,0,0,0,0,0,0,0,0,0,0,4391,"2020-12","Judith Cummins","F","Labour","Bradford South","Yorkshire and The Humber",597,632,"0"
0,0,0,0,0,0,0,0,0,0,0,0,0,0,0,0,0,0,0,0,0,0,1,0,0,0,0,0,0,0,0,0,0,0,0,0,0,1447,"2020-12","Andrew Rosindell","M","Conservative","Romford","London",748,796,"0"
0,0,0,0,1,0,0,0,0,0,0,0,0,0,0,0,0,0,0,0,0,0,0,0,0,0,0,0,0,0,0,0,0,0,0,0,0,4006,"2020-12","Dr Matthew Offord","M","Conservative","Hendon","London",767,796,"0"
0,0,1,0,0,0,0,0,0,0,0,0,0,0,0,0,0,0,0,0,0,0,0,0,0,0,0,0,0,0,0,0,0,0,0,0,0,394,"2020-12","Mr Clive Betts","M","Labour","Sheffield South East","Yorkshire and The Humber",628,632,"0"
0,0,0,0,0,0,0,0,0,0,0,0,0,0,0,0,0,0,0,0,0,0,0,0,0,0,0,0,0,1,0,0,0,0,0,0,0,3425,"2020-12","Earl Attlee","M","Conservative","Excepted Hereditary",NA,NA,NA,"0"
0,0,0,0,0,0,0,0,0,0,0,0,0,0,0,0,0,0,0,0,0,0,1,0,0,0,0,0,0,0,0,0,0,0,0,0,0,4436,"2020-12","Cat Smith","F","Labour","Lancaster and Fleetwood","North West",645,649,"0"
0,0,0,0,0,0,0,0,0,0,0,0,0,0,0,0,0,0,0,0,0,0,1,0,0,0,0,0,0,0,0,0,0,0,0,0,0,1447,"2020-12","Andrew Rosindell","M","Conservative","Romford","London",748,796,"0"
0,0,0,0,0,0,0,0,0,1,0,0,0,0,0,0,0,0,0,0,0,0,0,0,0,0,0,0,0,0,0,0,0,0,0,0,0,4782,"2020-12","Neale Hanvey","M","Alba Party","Kirkcaldy and Cowdenbeath","Scotland",680,702,"0"
0,0,1,0,0,0,0,0,0,0,0,0,0,0,0,0,0,0,0,0,0,0,0,0,0,0,0,0,0,0,0,0,0,0,0,0,0,4418,"2020-12","Justin Madders","M","Labour","Ellesmere Port and Neston","North West",653,649,"0"
